2734 4554
595 320 633 382 17

91 525 266 608 negavisse
291 545 361 588 esse
384 527 601 590 necessarium
624 531 735 612 (quam
763 525 954 590 sententiam
977 525 1121 590 Zellerus

91 637 216 720 aliique
239 632 429 706 tuenturl.⁶⁶l

183 747 222 812 In
245 747 305 812 hae
332 767 441 812 rerum
471 748 766 832 cognoscendarum
795 747 919 813 ratione
951 749 1123 832 expositio·

94 880 173 922 nem
197 858 354 940 desidero,
377 881 441 942 qua
464 858 549 923 unde
573 860 698 923 animus
721 860 908 924 facultatem
931 880 974 924 ex
996 882 1030 924 se
1054 861 1122 944 ipso

94 969 294 1054 propriaque
323 971 355 1034 vi
378 970 587 1054 cogitationes
617 969 792 1052 effingendi
819 977 930 1035 nactus
958 971 998 1034 sit
1025 993 1122 1055 appa·

97 1087 179 1145 reat.
218 1080 333 1166 Neque
350 1078 545 1165 explicatum
570 1081 741 1168 invenitur,
765 1081 924 1164 quomodo
940 1103 1029 1146 mens
1052 1083 1123 1165 ejus

96 1191 184 1275 quod
209 1193 294 1276 gerit
315 1192 441 1256 conscia
468 1191 532 1255 fiat.
578 1191 670 1256 Haeo
699 1201 807 1256 utrum
836 1214 911 1256 casu
940 1195 1054 1258 amissa
1082 1215 1122 1258 an

99 1303 234 1368 oonsilio
268 1305 385 1367 omissa
420 1305 496 1379 sint,
533 1302 682 1386 equidem
717 1303 878 1387 conjicere
911 1325 975 1369 non
1009 1304 1121 1368 audeo.

165 1414 305 1478 Proinde
329 1413 504 1494 videamus,
528 1435 610 1497 quae
634 1413 793 1496 Epicurus
817 1415 856 1478 de
879 1421 994 1479 natura
1016 1437 1124 1478 rerum

95 1524 286 1589 disseruerit
309 1521 560 1612 (pooroloqlalfill

185 1636 284 1704 Nulla
306 1656 366 1713 res,
396 1637 564 1720 opinatur,
597 1657 639 1700 ex
667 1637 766 1702 nihilo
794 1638 863 1702 fieri
891 1645 1010 1722 potest,
1040 1638 1123 1722 quod
1201 1707 1204 1714 ,

99 1749 133 1810 ni
157 1748 202 1812 ita
224 1768 258 1811 se
281 1749 426 1828 haberet,
450 1749 556 1811 omnia
571 1747 782 1832 gignerentur
799 1769 840 1812 ex
857 1749 1003 1813 omnibus
1019 1771 1123 1833 neque

96 1858 271 1942 quiequam
295 1870 407 1942 egeret
429 1859 559 1922 semine.
605 1859 705 1923 Nulla
733 1881 784 1924 res
813 1859 854 1924 ad
882 1860 1016 1924 nihilum
1039 1860 1123 1923 redi-

98 1970 204 2051 gitur,
230 1970 299 2052 jam
327 1969 452 2052 pridem
484 1971 568 2033 enim
603 1973 709 2035 omnia
738 1971 941 2036 interiissent.
987 1972 1123 2055 Proprie

98 2081 198 2163 igitur
228 2086 316 2144 ortus
347 2087 379 2144 et
402 2081 550 2144 interitus
579 2082 770 2164 rejiciuntur
797 2117 836 2126 —
862 2082 947 2165 quod
978 2083 1124 2146 omnihus

101 2191 274 2272 probatum
291 2197 347 2266 est,
373 2199 528 2275 quotquot
552 2191 708 2255 mundum
731 2194 861 2256 minutis
876 2193 1030 2256 materiae
1053 2203 1125 2275 par·

98 2302 205 2365 tioulis
229 2304 426 2366 constituunt
448 2339 500 2383 -,
524 2311 598 2366 sunt
614 2303 707 2368 modo
724 2305 940 2368 eonoretiones
964 2309 996 2367 et
1022 2323 1125 2366 seore-

99 2409 257 2478 tiones.⁶⁸l
310 2414 505 2478 Universum
549 2422 597 2478 est
634 2421 801 2480 aeternum
839 2422 871 2478 et
916 2413 1123 2489 immutabile,

100 2523 362 2608 quandoquidem
391 2534 521 2609 praeter
556 2527 587 2589 id
626 2527 703 2589 nihil
738 2533 793 2602 est,
832 2528 863 2589 in
895 2525 979 2610 quod
1009 2524 1125 2588 mutari

100 2636 209 2719 possit.
218 2633 253 2702 b'⁹)
299 2635 431 2700 Constat
461 2639 562 2701 omnis
585 2644 700 2701 natura
728 2637 851 2700 duabus
879 2637 985 2716 rebus,
1015 2656 1124 2718 oorpo·

101 2744 191 2810 ribus
214 2752 246 2810 et
268 2745 409 2814 inantwt
454 2749 599 2832 Corpora
627 2769 696 2812 esse
725 2749 899 2812 eommunis
928 2768 1038 2810 sensus
1066 2764 1124 2827 per

100 2877 135 2919 se
160 2845 446 2934 testatur,',faoere
470 2868 502 2924 et
525 2861 617 2943 fungi
639 2861 707 2923 sine
738 2879 871 2942 corpore
905 2858 993 2921 nulla
1020 2859 1125 2940 potest

101 2965 219 3031 res’.⁷¹l
264 2967 334 3035 Nisi
365 2969 459 3033 inane
490 2978 574 3034 esset
600 2972 666 3034 sive
694 2971 782 3033 loeus
817 2967 884 3032 sive
912 2966 1125 3051 impalpabilis

101 3083 227 3154 natura,
252 3099 386 3162 corpora
409 3102 566 3164 nusquam
582 3083 641 3144 sita
665 3101 735 3144 esse
758 3100 863 3163 neque
886 3099 1045 3161 quoquam
1060 3098 1124 3141 mo-

102 3191 171 3254 veri
193 3187 375 3272 possent.³²l
419 3192 557 3256 Praeter
580 3195 659 3256 haee
688 3191 750 3254 duo
780 3189 936 3273 principia
966 3189 1044 3251 nihil
1068 3194 1124 3268 est,
1145 3199 1148 3206 ”

102 3299 160 3363 sed
206 3307 315 3364 eetera
356 3303 462 3365 omnia
500 3304 613 3366 horum
651 3307 766 3366 eventa
802 3301 1017 3380 reperiuntur.
1076 3299 1126 3362 Ne

101 3417 229 3493 tempus
266 3411 395 3494 quidem
424 3433 483 3495 per
513 3435 547 3476 se
579 3420 640 3493 est,
679 3409 735 3475 sed
766 3408 878 3473 diebus
917 3418 949 3473 et
982 3409 1127 3474 noctibus

102 3523 282 3605 horumque
326 3524 471 3606 partibus
518 3524 709 3594 conectitur,
755 3528 850 3606 atque
890 3521 1058 3584 affectibus
1095 3526 1128 3582 et

101 3633 397 3716 tranquillitatibus,
425 3636 565 3699 motibus
592 3640 624 3697 et
650 3635 799 3713 statibus3
828 3632 975 3696 aoeidens
996 3636 1128 3694 voratur

103 3743 320 3811 accidentium
354 3742 540 3831 (σύμπτωμα
575 3740 879 3832 συμπτωμάτων).ῖ3)
934 3742 1129 3806 Universum

103 3856 266 3920 infinitum
290 3862 351 3936 est;
381 3878 456 3920 nam
479 3862 642 3939 oporteret
665 3855 750 3918 ultra
778 3875 871 3918 omne
900 3852 1019 3936 aliquid
1049 3873 1127 3933 esse,

101 3987 166 4050 quo
196 3965 335 4030 finiatur.
392 3967 487 4030 Nune
520 3987 597 4031 vero
632 3972 727 4029 extra
760 3984 916 4028 summam
948 3963 1027 4026 nihil
1059 3983 1128 4026 esse
