2734 4554
357 539 479 616 Quodsi
508 541 620 625 ‘plures
654 543 806 628 deinceps
840 545 891 608 r'es
925 546 1059 610 eaedem
1087 553 1142 610 eut
1174 547 1295 612 similes

272 653 486 718 exstrinsecus
509 653 626 718 allatae
642 661 725 737 sunt,
750 655 992 740 comprehensio
1014 658 1050 722 lit
1072 665 1105 722 et
1127 662 1293 726 memoria.

271 763 451 848 Emergunt
484 784 591 838 sensa,
626 787 708 850 quae
743 745 910 832 commune
945 770 1028 833 inter
1061 790 1095 833 se
1129 771 1295 836 vinculum

271 879 399 954 habent,
430 897 502 941 cum
530 877 669 960 primurn
691 898 809 956 nomen
839 877 1020 962 significans
1051 882 1232 965 eloquimur
1263 891 1296 948 et

271 989 326 1052 ubi
353 987 441 1052 aliud
469 987 761 1067 animadvertimus,
776 1018 778 1022 ¹
796 991 848 1054 cui
880 992 1053 1056 similitudo
1083 999 1115 1056 et
1143 996 1296 1077 cognatio

270 1099 431 1165 cumillis
457 1098 585 1165 videtur
612 1099 727 1163 inesse.
774 1085 880 1164 Hanc¹
894 1103 1081 1184 generalem
1108 1105 1156 1168 rei
1185 1107 1296 1188 cogni-

270 1211 389 1276 tionem
411 1209 568 1292 Epicurus
592 1211 735 1295 appellat
762 1206 919 1296 πρόληψιν,
947 1213 981 1276 id
1004 1219 1051 1276 est
1074 1214 1189 1279 Latine
1220 1239 1295 1280 con-

270 1309 398 1400 versum
414 1321 674 1408 anticipationem
690 1323 742 1385 vel
764 1321 1060 1406 praenotionem.⁴⁸l
1094 1325 1155 1390 dui
1169 1329 1294 1392 notiom

269 1442 305 1498 ut
326 1435 432 1497 lucem
454 1433 600 1498 affundat
616 1433 780 1516 Diogenes
802 1435 862 1498 hoc
886 1436 985 1497 utitur
1009 1437 1172 1520 exemplo:
1197 1439 1292 1517 ,Tale

172 1621 173 1626 η
270 1543 318 1610 est
341 1543 460 1625 homo’;
489 1543 575 1630 quod
597 1545 789 1609 vocabulum
811 1545 1003 1629 simulatque
1031 1548 1215 1611 nominatur
1238 1569 1293 1611 ex-

181 1692 182 1696 =
269 1653 509 1723 citat'formam
535 1655 714 1731 hominum,
749 1675 833 1740 quae
861 1657 935 1720 visis
964 1658 1145 1721 hominibus
1174 1659 1296 1723 effecta

270 1775 325 1833 est.
373 1767 449 1833 Sine
472 1767 532 1830 hac
555 1773 726 1850 antecepta
753 1767 979 1832 informatione
1008 1789 1068 1832 nec
1096 1771 1209 1849 quaeri
1234 1791 1294 1834 uec

270 1879 409 1944 dubitari
443 1877 613 1963 quicquam
643 1898 703 1941 nec
733 1879 890 1942 nominari
920 1877 1077 1962 potest.⁴⁹l
1121 1879 1294 1967 Hae‘npo·

268 1986 372 2073 λήψεις
401 1990 551 2054 dicuntur
574 1987 763 2076 ἑναργεῒς50);
798 1991 907 2074 itaque
941 2012 1013 2055 cum
1047 1992 1189 2055 omnium
1223 2013 1296 2056 sen·

268 2123 361 2166 suum
376 2102 541 2186 perceptio
558 2099 696 2188 ἐνάργεια
712 2108 852 2181 vocetur,
875 2123 971 2169 verae
987 2101 1155 2166 habendae
1172 2103 1296 2166 sunt.·'¹¹l

353 2213 461 2288 Quare
491 2233 676 2276 erroreum
703 2233 766 2276 non
790 2212 976 2276 oeensibus
1004 2215 1110 2296 neque
1134 2235 1153 2276 a
1175 2216 1293 2278 notitia

268 2327 327 2390 hac
357 2325 481 2390 ratione
509 2325 655 2388 sensibus
684 2329 806 2402 creata,
841 2345 905 2387 non
934 2324 1033 2406 igitur
1062 2324 1101 2388 ab
1130 2324 1297 2390 evidentia

267 2436 436 2520 procedat,
471 2435 601 2500 aliunde
635 2434 828 2500 detinendus
859 2441 916 2499 est.
967 2434 1097 2498 Etenim
1126 2437 1213 2500 solus
1246 2446 1295 2502 est

269 2546 402 2629 animus,
426 2548 481 2630 qui
502 2547 569 2610 falli
591 2552 706 2631 potest,
730 2567 802 2610 eum
818 2546 858 2610 de
874 2545 970 2610 rebus
992 2545 1109 2630 ignotis
1124 2548 1294 2631 opiniones

268 2657 400 2744 profert.
446 2659 583 2742 Propria
613 2664 721 2721 autem
750 2679 846 2721 causa
874 2656 1002 2720 errandi
1029 2664 1133 2722 motus
1161 2659 1294 2742 quidam

267 2769 396 2834 videtur
419 2767 542 2850 esse⁵²l,
569 2789 665 2854 quem
687 2766 859 2852 accipimus
883 2769 1000 2852 quique
1024 2769 1056 2831 iu
1079 2769 1170 2832 uobis
1193 2771 1293 2834 inter-

267 2878 436 2964 rumpitur.
482 2879 657 2964 Opiniones
679 2880 796 2964 partim
819 2900 916 2944 verae
944 2877 1061 2962 partim
1083 2879 1183 2943 falsae
1207 2889 1293 2945 sunt.

268 2991 375 3055 Verae
404 2991 585 3057 testimonio
619 2990 848 3055 confirmantur
879 2997 934 3054 eut
960 3011 1024 3055 non
1052 2997 1294 3072 oppugnantur,

268 3103 369 3166 falsae
404 3108 632 3185 oppugnantur
660 3107 716 3165 eut
750 3121 814 3164 non
848 3102 1076 3165 confirmentur
1109 3100 1294 3166 testimonio

269 3212 320 3288 (ἂν
350 3213 392 3299 μῆ
420 3213 477 3300 γὰρ
506 3213 742 3299 ἐπιμαρτυρῆται
770 3209 789 3280 ῆ
820 3212 861 3298 μῆ
892 3214 1157 3299 ἀντιμαρτυρῆται,
1187 3211 1295 3281 ἀληθῆ

243 3379 246 3388 .
269 3321 342 3387 εἶναι
365 3314 504 3404 (diiud-
525 3323 577 3384 ἐὰν
600 3311 634 3384 δὲ
657 3323 699 3408 μῆ
723 3317 1001 3410 balneoregiensis
1025 3323 1294 3408 ἀντιμαρτυρῆται,

269 3425 365 3520 ψευδῆ
392 3431 613 3522 τυγχάνειν).53)
657 3433 858 3499 Dividendus
887 3437 936 3497 est
964 3454 1075 3497 sensus
1105 3434 1137 3495 in
1164 3438 1293 3515 partem

268 3553 443 3612 certam-et
465 3548 630 3630 incertam,
664 3566 706 3610 ne
736 3567 846 3610 omnes
879 3566 989 3609 sensus
1022 3545 1176 3609 tollantur
1203 3565 1289 3608 neve

267 3665 334 3722 tote
356 3659 437 3723 ratic
461 3655 673 3724 everterunt)
716 3654 878 3721 Incertum
905 3657 958 3719 nel
980 3655 1013 3718 id
1035 3655 1121 3739 quod
1144 3675 1290 3738 compro-

268 3770 430 3833 bationem
458 3775 625 3852 exspectat
656 3765 842 3854 (προςμένον)
873 3765 1076 3852 perpendere
1107 3773 1235 3848 oportet
1260 3772 1292 3829 et

268 3882 411 3965 exempli
433 3901 529 3947 causa
551 3881 682 3964 propius
698 3879 863 3960 accedere,
886 3883 922 3941 ut
945 3877 1047 3962 qualis
1068 3877 1165 3939 turris
1181 3897 1198 3939 e
1214 3896 1290 3959 pro-

268 3995 388 4078 pinquo
403 3993 551 4056 videatur
567 3989 835 4074 cognoscamus⁵⁵l
861 3990 911 4052 vel
927 3994 962 4051 ut
986 3987 1104 4051 Sextus
1114 3984 1150 4054 56)
1172 3987 1272 4050 tradit
