2734 4554
645 317 847 410 „m-

238 519 361 590 Seneoa
390 545 517 609 quoquc
551 523 660 602 sensit,
691 533 724 588 et
750 543 847 607 ‘quam
879 525 986 609 legem
1015 524 1115 589 Stoici
1148 524 1263 589 virtuti

237 637 358 717 dicunt,
382 656 454 706 eam
469 634 629 720 Epicurus
645 635 721 699 dicit
736 636 909 718 voluptati:
929 636 1025 720 jubet
1039 636 1127 700 illam
1141 657 1261 721 parere

236 742 438 824 pataream)
803 735 805 752 ¹

322 857 423 922 Error
445 856 552 940 igitur,
576 879 639 942 quo
663 859 732 944 quis
765 865 857 944 putet
885 865 1046 923 asotorum
1076 859 1264 942 voluptates

237 977 269 1034 et
291 969 439 1034 libidines
472 971 513 1033 ab
542 969 683 1052 Epicuro
712 977 747 1032 ut
775 970 975 1052 expetendas
1009 977 1144 1034 statutas
1178 991 1261 1050 esse,

163 1087 164 1096 ’
235 1081 415 1145 reiciendus
446 1089 502 1145 est.
549 1079 619 1147 Etsi
648 1081 811 1144 contendit
837 1083 925 1146 nasci
951 1083 1050 1146 animi
1077 1082 1264 1165 voluptates

236 1201 267 1256 et
283 1192 410 1256 dolores
426 1212 443 1255 e
460 1193 602 1275 corporis
615 1193 832 1275 voluptatibus
849 1200 881 1256 et
896 1191 1126 1275 doloribus,¹³⁰)
1150 1200 1262 1257 tamen

235 1305 364 1367 minime
372 1305 509 1387 ignorat,
523 1302 1262 1387 quomodomotusnaturalesquasieducentu1·‚

235 1415 424 1479 excolantur
446 1421 595 1496 totusque
618 1415 742 1478 animus
764 1413 805 1478 ad
827 1414 1059 1479 humanitatem
1082 1415 1261 1480 erudiatur.

238 1525 324 1589 Oriri
347 1533 454 1589 autem
478 1546 519 1589 ex
534 1525 679 1589 sensibus
694 1526 792 1588 animi
807 1525 938 1590 affectus
954 1526 1112 1610 Epicurus
1128 1524 1263 1610 quidem

235 1636 427 1699 necessitate
461 1637 662 1714 existimavit,
696 1657 771 1700 nam
804 1637 920 1718 omnia,
955 1651 1166 1721 quaecunque
1201 1659 1261 1701 nos

235 1747 400 1829 voluptate
416 1754 472 1810 aut
487 1747 597 1811 dolore
613 1747 767 1828 afficiunt,
784 1769 968 1832 persensus
984 1748 1024 1812 ad
1036 1770 1094 1813 nos
1106 1749 1257 1814 affluunt.

237 1856 308 1920 Hac
326 1858 449 1922 ratione
466 1857 635 1922 enodanda
651 1865 699 1922 est
713 1859 769 1922 illa
784 1859 986 1943 ambiguitas,
1003 1879 1098 1943 quarn
1115 1859 1260 1944 Epicuro

234 1966 273 2030 de
302 1969 467 2051 voluptate
503 1969 622 2036 dicenti
651 1970 856 2053 exprobrant.
909 1969 1006 2034 Modo
1049 1970 1088 2034 de
1123 1971 1260 2054 origine,

233 2080 327 2144 modo
352 2079 392 2142 de
415 2081 641 2164 progressione
665 2082 814 2164 loquitur.
861 2081 930 2145 Sibi
951 2087 1084 2164 constat,
1114 2103 1188 2146 oum
1216 2104 1261 2146 ne

234 2191 416 2274 intelligere
428 2190 558 2274 quidem
578 2212 612 2254 se
624 2213 717 2275 posse
730 2193 817 2272 dicit,
834 2193 889 2256 ubi
907 2199 991 2256 esset
1006 2199 1062 2256 aut
1074 2193 1160 2277 quod
1173 2201 1259 2257 esset

237 2302 338 2365 ullum
360 2302 489 2382 bonum,
513 2303 539 2366 si
561 2302 746 2368 detraheret
768 2305 959 2387 voluptates,
983 2325 1066 2389 quae
1088 2326 1204 2388 sapore
1227 2313 1262 2368 et

236 2413 360 2476 aurium
377 2411 589 2476 delectatione
614 2421 646 2477 et
669 2416 813 2498 speciosa
825 2415 929 2482 forma
952 2424 984 2480 et
998 2416 1094 2480 rebus
1116 2416 1259 2478 veneriis

233 2523 401 2607 capiantur
424 2523 491 2586 sive
507 2545 590 2607 quae
605 2525 687 2588 aliae
710 2527 892 2610 voluptates
913 2517 947 2592 in
969 2528 1097 2592 homine
1113 2526 1261 2610 quolibet

234 2654 338 2698 sensu.
348 2631 397 2711 131)
425 2631 468 2696 Et
484 2635 603 2699 crimen
620 2637 851 2701 inconstantiae
868 2639 992 2723 effugit,
1009 2659 1081 2702 cum
1097 2657 1259 2720 cygneam

234 2745 321 2807 illam
344 2764 455 2807 vocem
485 2745 566 2808 edit:
601 2746 719 2827 ,Quum
747 2768 917 2832 ageremus
950 2751 1036 2812 vitae
1064 2747 1196 2811 beatum
1228 2759 1263 2811 et

238 2853 377 2918 eundem
414 2877 599 2939 supremum
636 2857 731 2940 diem,
776 2859 993 2924 scribebamus
1038 2858 1128 2923 vobis
1165 2859 1259 2921 haec.

237 2967 333 3029 Tanti
356 2973 463 3029 autem
480 2967 583 3031 morbi
597 2968 732 3033 aderant
746 2971 872 3034 vesicae
896 2977 929 3034 et
943 2961 1111 3050 viscerum,
1127 2977 1164 3033 ut
1178 2970 1262 3033 nihil

234 3078 273 3141 ad
313 3097 423 3141 eorum
460 3079 714 3160 magnitudinem
747 3087 854 3164 posset
887 3083 1052 3147 accedere.
1098 3081 1262 3166 Compen-

233 3187 364 3252 sabatur
385 3194 493 3252 tamen
516 3179 652 3253 cumbis
676 3191 821 3281 omnibus
844 3193 941 3256 animi
963 3193 1086 3256 laetitia
1108 3195 1157 3272 (τό
1175 3197 1262 3255 κατὰ

234 3293 332 3384 ψυχήν
354 3303 479 3384 χαῖρον),
508 3319 603 3383 quam
638 3302 804 3385 capiebam
837 3323 879 3367 ex
907 3305 1061 3368 memoria
1095 3304 1262 3367 rationum

232 3411 500 3491 inventorumque
523 3409 780 3492 nostrorum’.¹³‘²)

318 3521 363 3582 At
387 3519 557 3584 traduntur
579 3521 756 3587 Metrodori
779 3523 873 3606 diota,
897 3525 1012 3611 quibus
1035 3526 1142 3590 omnia
1163 3547 1261 3590 revo-

233 3637 345 3692 cantur
389 3629 430 3694 ad
470 3640 616 3695 ventrem
651 3655 830 3719 corpusque
869 3638 923 3701 rel
955 3657 1084 3702 carnem
1120 3637 1259 3724 (σάρκα).

232 3741 370 3804 Beatum
399 3761 469 3806 esse
502 3743 562 3806 iste
596 3744 645 3808 his
676 3745 745 3809 fere
780 3746 984 3832 descripsisse
1016 3748 1145 3814 dicitur:
1182 3772 1260 3814 oum

232 3871 346 3934 corpus
369 3852 452 3916 bene
475 3855 682 3919 constitutum
711 3857 751 3920 sit
773 3864 807 3921 et
828 3858 869 3920 sit
891 3860 1104 3944 exploratum,
1132 3865 1179 3929 ita
1207 3867 1260 3932 fu-

232 3972 349 4044 turum,
372 3969 470 4047 atque
494 3965 599 4028 omnia
622 3967 757 4050 pulchra
774 3975 807 4031 et
822 3970 978 4053 sapientia
992 3980 1126 4058 propter
1148 3981 1260 4042 carnis
