2734 4554
14 3925 64 4076 i

730 336 770 398 32

648 427 706 432 .....
712 425 851 432 -—-————-

239 563 310 605 rum
332 548 439 606 tamen
463 543 594 606 horrent
617 562 735 626 easque
762 542 847 626 ipsas
876 540 1116 620 sollicitudines,
1146 541 1266 626 quibus

240 675 350 720 eorum
373 654 470 720 animi
493 653 560 716 dies
584 660 758 737 noctesque
783 651 975 732 exeduntur,
999 673 1019 715 a
1041 652 1089 715 dis
1112 654 1267 737 supplicii

239 788 335 831 causa
358 765 528 850 importari
547 770 670 847 putant.
696 801 735 808 -
759 763 875 828 Nescio
908 785 949 827 an
972 760 1069 827 animi
1096 763 1265 847 gaudium,

240 877 326 962 quod
354 885 440 941 recte
477 874 622 939 faciendo
646 884 678 938 et
701 876 833 959 pulchre
857 875 1044 960 percipitur,
1080 877 1140 939 etsi
1174 877 1267 940 nulla

239 993 375 1052 externa
397 989 517 1051 utilitas
539 987 724 1070 acquiritur,
754 1008 817 1050 non
846 987 1017 1052 abhorreat
1049 987 1088 1050 ab
1117 987 1177 1052 hac
1201 987 1266 1050 dis-

240 1099 366 1182 ciplina

324 1209 449 1274 Eadem
478 1208 558 1275 ratio
589 1213 767 1294 reperietur
801 1210 969 1292 amicitiae,
1003 1229 1086 1293 quae
1109 1209 1265 1280 maxima,

239 1322 411 1403 uberrima,
443 1321 674 1405 jucundissima
708 1321 849 1387 omnium
883 1327 931 1385 est
965 1341 1087 1397 rerum,
1119 1343 1198 1406 quas
1217 1323 1266 1387 'ad

240 1435 334 1498 beate
350 1433 523 1497 vivendum
546 1434 703 1518 sapientia
726 1433 930 1516 comparavit.
969 1431 1046 1496 Vita
1068 1433 1136 1498 sine
1152 1436 1266 1498 amicis

238 1545 426 1610 insidiarum
450 1551 482 1608 et
504 1551 608 1608 metus
630 1545 727 1628 plena
749 1551 805 1608 est.
844 1545 983 1626 Propter
1006 1543 1266 1610 communionem

240 1677 367 1740 quoque
401 1655 592 1738 gaudiorum
627 1628 792 1740 quaeritur
826 1654 973 1718 amicitia.
1018 1654 1056 1718 In
1080 1656 1140 1726 hoc
1175 1657 1266 1722 ritae

240 1769 343 1853 spatio
366 1768 526 1832 amicitiae
555 1766 751 1854 praesidium
779 1773 827 1829 est
854 1765 1077 1848 firmissimum,
1114 1767 1155 1830 ad
1178 1769 1268 1853 quod

239 1877 392 1941 tuendum
414 1878 466 1942 vel
488 1878 615 1941 labores
638 1875 836 1959 suscipimus.
883 1877 991 1960 Atque
1014 1883 1138 1941 tanturn
1161 1879 1267 1962 abest,
1354 1933 1355 1952 ,

239 1997 275 2052 ut
298 1991 424 2071 sapiens
447 1996 552 2052 semet
578 1990 647 2072 ipso
678 1995 846 2052 contentus
874 1988 983 2052 amicis
1013 2005 1123 2052 carere
1154 1992 1267 2074 possit,

239 2097 467 2180 utaliquando
491 2120 548 2182 pro
572 2099 673 2164 amico
700 2100 781 2162 mori
803 2105 933 2182 paratus
956 2097 1058 2176 sit.¹⁴¹)

323 2211 368 2274 Ut
391 2202 737 2296 singulishominibus,
760 2208 805 2273 ita
828 2211 901 2274 totis
924 2213 1075 2294 gentibus
1098 2223 1129 2276 et
1152 2213 1268 2277 civita·

238 2321 322 2384 tibus
346 2323 533 2386 obversatur
556 2324 711 2407 voluptas.
747 2321 865 2385 Salutis
890 2323 974 2386 enim
998 2344 1093 2388 causa
1116 2324 1266 2389 homines

240 2454 312 2495 cum
335 2433 478 2519 dissipati
502 2455 589 2498 more
613 2435 787 2499 bestiarum
803 2435 915 2516 vagari
932 2431 1115 2498 desinerent
1138 2443 1170 2498 et
1194 2457 1268 2500 coe-

241 2545 361 2627 pissent
405 2545 565 2608 connubia
602 2546 683 2608 inira
727 2553 919 2628 creataeque
958 2546 1041 2628 proli
1079 2546 1268 2631 providere,

240 2679 329 2722 casas
352 2663 385 2720 et
400 2663 506 2720 vestes
529 2657 589 2719 sibi
604 2677 731 2740 parare,
755 2676 891 2739 cumque
908 2654 1092 2719 didicissent
1108 2678 1158 2721 res
1175 2658 1269 2744 varia
1355 2717 1356 2726 ,

240 2789 318 2832 voce
342 2767 517 2833 secundum
540 2789 650 2831 sensus
680 2769 784 2830 varios
812 2767 991 2849 significare
1016 2805 1056 2815 -—
1085 2788 1150 2830 non
1178 2769 1270 2832 enim

241 2880 397 2961 positione
427 2877 543 2961 (θέσει)Ι
566 2859 667 2942 oratio
698 2879 773 2941 data
796 2884 844 2942 est
868 2913 917 2958 -,
947 2900 981 2941 se
1009 2879 1049 2942 ad
1077 2879 1270 2943 societatem

239 2991 324 3053 vitae
348 2997 615 3070 convocaverunt,
639 2991 863 3054 commercium
876 2989 1067 3070 habuerunt,
1091 2989 1269 3053 amicitiam

241 3100 396 3174 fecerunt,
431 3100 544 3164 foedus
573 3121 613 3163 ne
642 3100 848 3164 laederentur
871 3122 952 3165 neve
977 3101 1143 3165 laederent
1171 3101 1271 3183 pepi-

239 3219 366 3295 gerunt.
405 3210 476 3284 Quo
499 3218 593 3294 pacto
613 3212 667 3293 jus
690 3216 824 3274 naturae
848 3210 1055 3275 constitutum
1078 3217 1134 3274 est.
1173 3210 1269 3274 Nihil

242 3322 326 3386 enim
349 3343 407 3405 per
430 3343 465 3386 se
485 3322 608 3405 justum
625 3328 673 3384 est
689 3341 793 3404 neque
810 3343 868 3405 par
884 3343 917 3386 se
933 3324 1053 3406 injuria
1069 3328 1117 3386 est
1132 3321 1267 3384 malum.

243 3431 305 3505 Qui
329 3433 487 3516 ejusmodi
509 3434 691 3515 pactionem
718 3432 823 3496 facore
846 3454 908 3497 non
933 3440 1107 3517 potuerunt
1129 3441 1185 3497 aut
1208 3455 1269 3497 no-

241 3544 380 3623 luerunt,
415 3541 455 3605 ad
485 3564 539 3607 eos
562 3564 622 3606 nec
651 3544 706 3625 jus
739 3565 799 3607 nec
833 3545 952 3628 injuria
985 3548 1109 3610 attinet.
1156 3544 1268 3618 Quod·

243 3675 368 3736 cunque
391 3654 535 3717 societati
559 3654 636 3718 utile
666 3654 901 3738 comprobatur,
935 3657 968 3719 id
993 3659 1116 3741 justum
1139 3661 1201 3734 est;
1238 3657 1269 3720 si

242 3785 325 3848 quae
347 3766 437 3848 leges
460 3765 511 3829 vel
539 3767 683 3829 instituta
716 3767 811 3830 saluti
845 3769 1004 3831 communi
1038 3768 1162 3841 obsunt,
1199 3787 1268 3830 non

238 3877 327 3960 justa
348 3883 430 3940 sunt.
470 3875 572 3940 Simili
594 3877 716 3940 ratione
732 3883 845 3959 gentes
866 3878 1017 3942 finitimae
1040 3878 1173 3942 interae
1191 3899 1267 3941 oon-

244 3993 471 4072 gregaverunt.
487 4027 526 4036 -
551 3987 658 4070 Leges
681 3994 789 4052 essent
810 4009 1079 4073 supervacaneae,
1102 3989 1129 4051 si
1152 4009 1268 4054 omnes
