2734 4554
598 321 618 385 9

508 410 712 420 --————-—

95 529 214 610 tristia,
222 525 258 593 ῙΙ5)
281 528 438 592 delicatae
467 534 500 593 et
521 527 720 593 umbraticae
748 527 864 592 turbae
887 526 1121 612 Epicureorum

81 640 130 703 in
166 639 311 705 convivio
348 658 405 702 suo
444 639 754 724 philosophantium,
781 638 874 722 ‘apud
909 660 991 722 quos
1020 643 1121 705 virtus

95 747 300 834 voluptatum
322 749 467 814 ministra
489 749 539 830 sit,
553 749 588 809 ¹⁸⁵l
612 750 790 814 convicium
813 748 917 814 iaciat.
956 749 1029 816 Non
1049 761 1123 816 suut

95 862 197 945 igitur
219 861 280 925 hae
304 866 336 923 et
358 860 439 923 tales
462 857 696 945 discrepantiae
726 861 1042 945 praetermittendae,
1065 863 1122 927 sed

97 971 328 1056 discipulorum
352 971 571 1038 additamenta
593 980 625 1038 et
648 993 774 1038 errores
802 971 986 1056 indaganda
1015 995 1121 1060 neque

98 1083 223 1148 auctori
246 1083 343 1167 hujus
366 1082 553 1167 disciplinae
575 1083 773 1148 ascribenda.
802 1083 843 1147 cf.
867 1091 972 1148 annot.
993 1087 1062 1148 111.

185 1193 327 1258 Maxima
350 1202 458 1259 autem
481 1195 586 1259 cautio
610 1193 794 1260 adhibenda
817 1202 865 1259 est
893 1196 925 1259 in
948 1195 1121 1260 tractandis

98 1307 156 1386 eis,
179 1326 261 1390 quae
285 1307 430 1391 plerique
454 1305 626 1390 scriptores
648 1312 787 1388 veteres,
810 1327 889 1390 qnos
911 1327 1008 1389 supra
1023 1309 1122 1371 uomi-

97 1418 258 1483 navimus.
288 1417 441 1480 referunt.
495 1414 625 1480 Etenim
653 1417 706 1480 vel
738 1417 879 1480 maxime
909 1415 1023 1482 Stoicis
1051 1438 1122 1482 cum

97 1527 268 1612 Epicureis
312 1527 374 1592 illis
412 1526 611 1612 temporibus
653 1528 837 1592 inimicitiae
881 1528 1124 1592 intercedebant
1158 1585 1162 1594 .

99 1639 226 1720 aliaque
257 1638 353 1701 aliam
381 1645 469 1702 secta
502 1637 676 1702 humilibus
710 1646 742 1702 et
774 1640 965 1722 contemptis
999 1639 1122 1703 obtrec-

98 1749 274 1814 tationibus
289 1749 514 1814 insectabatur.
552 1748 756 1843 Eerebantur
771 1750 830 1813 sub
846 1751 974 1814 nomine
990 1748 1122 1834 Epicuri

99 1859 255 1944 epistulae
278 1859 385 1944 specie
407 1857 552 1924 veritatis
580 1860 764 1924 aDiotimo
796 1860 902 1925 Stoico
935 1869 1121 1941 exornatae,

99 1991 182 2055 quae
205 1971 244 2035 ad
269 1990 373 2034 mores
395 1971 482 2033 illius
509 1970 541 2033 in
573 1969 715 2036 deterius
743 1972 916 2036 trahendos
943 1971 1121 2036 destinatae
1229 1976 1232 2016 1
1350 1991 1351 2008 ¹

100 2088 202 2146 erant.
217 2079 249 2142 Π)
297 2081 393 2146 Stoici
419 2080 515 2144 etiam
538 2083 682 2167 aucupiis
705 2082 878 2147 verborum
901 2090 933 2147 et
955 2083 1121 2148 literarum
1185 2095 1189 2103 '

98 2192 269 2256 tendiculis
306 2192 356 2255 usi
393 2190 614 2276 depravabant
653 2194 817 2279 scriptoris
851 2200 991 2257 mentem
1021 2201 1121 2282 ,atque

98 2303 301 2388 affingebant
325 2303 490 2366 enuntiata
506 2309 540 2366 et
555 2325 700 2370 rumores
716 2304 813 2370 falsos
828 2305 1064 2390 dispergebant.
1080 2341 1123 2354 -—

99 2415 179 2490 Quis
202 2419 252 2478 est
267 2415 342 2494 quin
357 2414 436 2478 sciat
458 2433 571 2496 quam
593 2414 688 2479 facile
712 2415 871 2480 sententia
894 2415 1123 2496 detorqueatur

99 2537 133 2591 et
155 2527 242 2590 fama
264 2525 349 2588 bona
370 2524 532 2588 violetur?
548 2523 643 2586 ‘-¹⁸l
687 2526 724 2590 ln
754 2526 982 2610 posterioribus
1004 2531 1122 2596 autem.

100 2636 221 2722 quippe
246 2635 300 2719 qui
323 2633 457 2718 Epicuri
479 2635 598 2720 scripta
628 2658 692 2700 uon
718 2638 787 2722 jam
815 2638 972 2722 legerent,
1000 2642 1123 2700 tantum

99 2746 207 2831 opinio
228 2743 452 2829 praejudicata
477 2746 585 2828 valuit,
609 2754 645 2811 ut
659 2754 781 2812 temere
797 2748 981 2831 acciperent
995 2746 1121 2812 tradita.

99 2857 191 2931 Quae
214 2875 286 2920 cum
309 2856 354 2920 ita
376 2857 455 2938 siut,
480 2854 657 2923 adversarii
679 2880 743 2924 non
765 2859 942 2942 incorrupti
964 2859 1123 2941 integrius

97 2974 197 3032 testes
219 2965 359 3030 habendi
381 2974 463 3030 sunt.
512 2967 627 3032 Oicero
650 2969 778 3053 quidem
806 2969 839 3033 in
862 2968 1039 3054 Epicurum
1062 2983 1124 3033 nou

99 3085 147 3144 est
170 3099 210 3142 ea
231 3078 404 3162 aequitate,
430 3099 526 3162 quam
549 3100 627 3163 prae
650 3101 684 3144 se
708 3080 770 3144 fert
793 3087 899 3165 atque,
930 3081 1010 3144 nolit
1033 3081 1127 3161 velit,-

98 3212 131 3256 se
167 3191 235 3275 ipse
258 3175 471 3266 condemnat,
510 3211 582 3254 oum
612 3189 717 3258 aitt¹⁹l
750 3190 970 3276 ,quamobrem
1005 3190 1124 3255 dissen-

98 3303 247 3368 tientium
270 3302 353 3365 inter
369 3322 403 3366 se
420 3302 687 3384 reprehensiones
703 3323 766 3366 uon
782 3309 856 3366 suut
871 3301 1122 3389 vituperandae:

98 3413 284 3490 maledicta,
326 3412 557 3492 contumeliae,
592 3419 660 3476 tum
694 3413 867 3477 iracundae
905 3414 1126 3477 contentiones

99 3524 418 3606 concertationesque
458 3523 491 3586 in
527 3522 720 3608 disputando
755 3525 937 3608 pertinaces
972 3523 1126 3607 indignae

102 3633 307 3718 philosophia
327 3634 406 3697 mihi
428 3633 531 3698 videri
552 3635 677 3698 solent‘
721 3633 836 3718 Neque
858 3635 1033 3701 Plutarcho
1056 3633 1146 3698 sine»

96 3744 166 3808 ulla
179 3737 388 3807 'sociatione
412 3743 491 3808 fides
515 3742 627 3809 haberi
650 3751 773 3830 potest3
797 3747 877 3810 etis
900 3747 934 3810 in
949 3745 1125 3831 Epicurum

95 3856 217 3939 injuste
246 3850 436 3920 consulitl⁰l
482 3854 592 3920 Sancti
615 3855 756 3939 denique
785 3857 901 3922 Patres
927 3893 963 3904 -
988 3865 1024 3922 ut
1045 3857 1125 3921 alios

96 3966 242 4030 omittam
255 4001 293 4010 -
308 3964 389 4029 nihil
405 3963 566 4048 antiquius
582 3967 712 4047 habeut,
729 3987 825 4050 quam
840 3977 876 4030 ut
891 3969 1123 4052 paganismum,
