2734 4554
745 285 784 348 10

658 373 862 382 Μ

164 505 167 510 ·
249 509 344 573 quem
382 493 512 569 vocant,
549 489 692 554 refutent
730 491 864 575 ejusque
908 494 972 557 vim
1011 501 1043 558 et
1080 495 1273 579 dignitatem

248 599 428 664 obscurent.
468 598 582 664 Suidas
606 623 735 686 prorsus
757 603 961 668 incredibiles
983 626 1034 670 res
1058 614 1175 672 narrat.

331 709 446 796 Itaque
470 717 505 774 ut
536 734 645 776 veram
668 713 800 798 Epicuri
830 716 1132 798 contemplationem
1161 739 1272 785 rerum

246 824 420 896 restituam,
443 822 642 905 pedetentim
657 827 733 889 mibi
750 827 810 889 erit
831 825 871 890 ab
887 827 981 890 certis
997 829 1271 911 progrediendum

248 937 287 1000 ad
312 957 359 1017 ea,
383 955 465 1019 qnae
489 935 592 997 minus
614 935 783 999 manifesta
806 944 889 1001 sunt.
935 937 1019 1012 Quia
1042 960 1117 1003 vero
1141 941 1271 1026 longior

248 1048 407 1112 enarratio
438 1045 477 1108 ab
506 1047 659 1129 angustiis
691 1046 787 1130 hujus
813 1045 1043 1114 dissertationis
1070 1033 1175 1117 aliena
1211 1061 1270 1137 est,

246 1159 348 1221 multa
377 1179 440 1221 non
469 1157 528 1220 nisi
557 1157 673 1220 leviter
695 1158 851 1241 attingam
885 1165 917 1222 et
945 1163 1174 1246 perstringam,
1203 1187 1268 1230 non

246 1291 357 1354 pauca,
372 1291 454 1353 qnae
467 1269 596 1352 quidem
609 1289 725 1352 magno
738 1276 928 1352 argumento
941 1292 1004 1334 non
1017 1280 1099 1352 sunt,
1113 1275 1268 1356 omittam,

247 1383 436 1466 plerumque
461 1380 551 1464 quasi
566 1381 660 1444 tacite
685 1380 913 1444 dissensionem
938 1381 1115 1466 dijudicare
1139 1407 1198 1468 pro
1223 1389 1271 1449 vi-

246 1493 334 1554 ribus
350 1491 489 1556 conabor
505 1500 600 1575 atque
625 1513 667 1554 ex
683 1493 752 1574 ipsa
768 1492 981 1574 explicatione
999 1493 1147 1576 elucebit,
1171 1517 1270 1580 quam

246 1624 372 1688 quoque
388 1603 457 1666 lccc
480 1603 669 1687 scripturam
693 1609 724 1666 et
741 1604 1038 1686 interpretationem
1054 1613 1182 1671 secutus
1197 1609 1268 1671 sinr.

329 1713 470 1776 Litteras
492 1713 633 1798 reliquas
656 1713 863 1778 Fabricius
887 1715 962 1778 bibl.
979 1737 1038 1799 gr,
1062 1715 1271 1781 Steinhar·

244 1833 307 1890 tus
330 1824 447 1908 aliique
472 1826 547 1888 satis
571 1832 849 1890 enumeraverunt.

329 1939 467 2002 Tantum
501 1936 534 1999 in
563 1936 748 2001 universum
777 1936 941 2019 praefatus
971 1937 1089 2002 accedo
1123 1938 1163 2002 ad
1198 1960 1268 2004 rem

243 2045 354 2129 ipsam.

328 2158 373 2222 Ut
386 2179 489 2243 aeque
502 2179 538 2221 ac
554 2157 723 2243 Epicurus,
740 2160 794 2242 qui
809 2160 921 2224 crebro
939 2160 1075 2238 dicebat,
1094 2160 1268 2244 diligenter

245 2277 396 2352 oportere
425 2271 573 2354 exprimi,
607 2291 689 2353 quae
721 2270 767 2334 vis
796 2270 944 2354 subjecta
971 2278 1058 2334 essct
1080 2269 1268 2353 vocibus,²¹l

244 2385 366 2448 ratione
390 2381 496 2446 atria
523 2380 748 2464 procedamus,
775 2382 915 2466 primum
945 2381 1022 2467 qnid
1049 2383 1098 2464 sit,
1133 2383 1173 2447 de
1195 2385 1266 2468 {quo

244 2493 443 2578 quaerimus,
477 2493 761 2577 praescribendum
796 2492 937 2557 videtur:
973 2491 1031 2556 Est
1064 2493 1267 2579 philosophia

244 2605 325 2669 actio
348 2604 519 2688 cogitandi,
544 2625 608 2689 qua
629 2603 725 2667 beata
748 2605 813 2668 vita
836 2600 1028 2668 efficiunt>

328 2717 442 2780 Partes
480 2722 513 2778 et
549 2715 728 2799 provincias
762 2716 924 2779 constituit
958 2715 1030 2779 has:
1068 2716 1265 2798 canonicam,

245 2827 418 2910 physicam,
443 2821 633 2891 ethicam.²³)
657 2826 687 2889 A
710 2847 774 2909 qua
788 2825 949 2910 tripartita
967 2825 1122 2891 divisione
1139 2826 1264 2892 Seneca

243 2959 307 3002 non
331 2927 505 3019 recedit,²³⁴l
528 2959 600 3001 cum
622 2938 761 3001 naturali
784 2944 816 3002 et
837 2938 952 3001 morali
979 2943 1071 3020 parte
1101 2938 1266 3003 nominata

243 3047 354 3129 addat,
389 3050 578 3113 necessitate
615 3047 765 3133 ambigua
803 3048 992 3112 secernendi
1023 3048 1167 3132 falsaque
1205 3049 1264 3112 sub

242 3159 348 3243 specie
365 3161 433 3222 veri
447 3160 579 3223 latentia
594 3158 791 3242 coarguendi
806 3159 984 3244 Epicureos
1006 3165 1132 3222 coactos
1147 3159 1264 3241 locum,

244 3287 339 3352 quem
368 3269 407 3333 de
433 3269 555 3353 judicio
585 3276 617 3332 et
643 3268 799 3354 regula²⁵l
827 3270 1007 3355 appellent,
1042 3270 1104 3333 alio
1135 3251 1265 3335 nomine

173 3365 174 3368 ¹
241 3381 431 3444 rationalem
459 3381 632 3444 induxisse.
684 3381 784 3456 Quam
819 3387 942 3466 partem
977 3381 1166 3444 rationalem
1199 3402 1265 3446 non

244 3497 346 3555 artem
380 3491 557 3576 quaerendi
588 3498 620 3554 et
649 3492 842 3564 disserendi,
877 3513 959 3577 quae
992 3491 1102 3580 λογικῆ
1137 3491 1264 3572 dicitur,

241 3600 299 3665 sed
325 3601 482 3666 rationem
511 3602 726 3685 cognoscendi
765 3603 814 3686 (ut
846 3604 1018 3668 vernacule
1052 3603 1264 3688 interpreter:

240 3711 589 3796 Erkenntnissthecrie)
613 3713 781 3796 intellegit.

326 3824 375 3887 Ac
398 3826 627 3889 canonicam
650 3824 790 3908 quidem.
814 3845 910 3908 quam
932 3826 1023 3909 quasi
1046 3825 1264 3890 accessionem

242 3934 283 4000 ad
308 3954 436 4000 omnem
463 3955 570 4000 rerum
602 3937 882 4020 investigationem
910 3932 1113 4014 habebant²³l
1138 3942 1169 4000 et
1198 3937 1263 4019 pri·
