2734 4554
525 304 729 400 ἐξ

109 509 282 573 curatione
317 515 349 572 et
381 509 656 573 administratione
690 514 852 589 rorarent,
885 508 942 572 sed
976 510 1071 574 rebus
1105 520 1136 575 et

110 620 295 684 hominibus
318 620 525 704 providerent
540 621 817 703 consulerentque,
839 615 1031 686 natura'non
1047 629 1136 686 tanta

109 731 210 814 eulpa
233 732 379 815 praedita
401 739 485 796 stare
508 739 629 816 posset:
658 733 727 795 arvi
751 732 836 795 enim
859 731 992 795 multum
1015 733 1134 802 homini

110 843 285 921 montibus,
320 844 417 922 silvis,
450 843 631 926 paludibus,
667 843 813 925 rupibus,
847 842 968 906 torrida
1000 864 1080 910 zona
1103 855 1134 907 et

110 953 241 1036 frigidis
260 961 407 1038 ereptum
430 963 487 1031 est,
511 954 597 1038 quod
613 963 769 1038 superest.
793 973 909 1037 magno
925 954 1035 1018 labore
1059 955 1134 1018 eoli-

110 1073 175 1143 tur‚
199 1066 319 1130 oultum
342 1087 405 1129 non
428 1088 499 1130 raro
523 1067 702 1138 fervoribus
730 1071 870 1128 torretur
897 1071 952 1128 aut
980 1063 1133 1127 imbribus

108 1183 145 1240 et
169 1177 291 1260 pruinis
315 1176 449 1241 deletur.
489 1177 554 1242 Cur
577 1197 672 1260 porro
689 1177 777 1240 ferae
801 1177 981 1240 hominibus
997 1175 1132 1240 infestae

108 1271 201 1354 terra
223 1290 366 1372 marique
389 1289 519 1354 aluntur
541 1297 574 1352 et
596 1288 777 1370 augentur?
801 1287 866 1352 Cur
889 1289 964 1351 anni
987 1294 1133 1370 tempora

108 1398 238 1480 morbos
261 1401 453 1482 apportant?
478 1400 585 1474 Quare
602 1421 686 1462 mors
702 1407 838 1480 vagatur
854 1399 1045 1462 immatura?
1070 1401 1132 1461 Cur

108 1509 216 1573 infans
239 1516 304 1573 tam
328 1531 449 1592 egenus
471 1510 633 1574 nascitur?
656 1507 807 1593 Juppiter
827 1510 853 1571 si
877 1509 972 1573 deioit
987 1509 1130 1589 fulmina,

107 1640 168 1682 our
190 1620 265 1684 ferit
287 1622 497 1686 innoeentes?
522 1621 587 1685 sed
610 1622 814 1689 ooneedatur.
854 1621 924 1684 Sint
946 1621 998 1684 dei
1021 1619 1131 1700 mundi

108 1727 339 1796 aedificatores.
387 1731 451 1796 Sed
474 1754 530 1796 our
553 1741 687 1818 repente
717 1733 919 1808 exstiterunt,
947 1733 1130 1796 innumera-

108 1841 186 1906 bilia
212 1845 342 1908 saecula
370 1844 591 1909 dormierunt?
609 1843 709 1917 ,Quid
738 1844 813 1908 novi
847 1845 971 1926 quietos
1001 1843 1129 1907 allicere

106 1955 222 2038 potuit,
246 1962 281 2018 ut
304 1962 466 2020 mutarent
487 1955 585 2018 vitam
604 1956 764 2037 priorem?
789 1953 873 2029 Quid
890 1955 992 2018 beatis
1008 1954 1129 2018 novita-
1198 2003 1202 2012 ,

105 2066 148 2128 tis
176 2085 319 2128 amorem
347 2066 524 2129 aooendere
554 2067 679 2149 potuit?
713 2065 916 2130 laboremne
939 2065 1128 2150 fugiebant?

105 2176 193 2250 Quid
224 2183 332 2240 autem
363 2183 442 2256 erat,
473 2177 558 2259 quod
594 2179 835 2261 ooneupiseeret
863 2179 941 2242 deus
974 2177 1127 2240 mundum

104 2287 206 2369 signis
230 2295 262 2351 et
284 2288 456 2352 luminibus
479 2295 642 2372 tamquam
665 2288 776 2353 aedilis
799 2287 938 2353 ornare?
961 2287 1126 2352 Varietate

104 2398 296 2478 delectatur,
325 2419 389 2481 qua
416 2401 539 2463 oaelum
569 2406 600 2464 et
628 2407 730 2487 terras
761 2407 931 2465 exornatas
961 2399 1126 2463 videmus?

104 2509 281 2582 Quomodo
310 2511 388 2574 deus
423 2511 535 2574 eodem
571 2511 722 2594 temporis
751 2519 869 2594 puncto
903 2511 1022 2597 ubique
1057 2530 1126 2574 esse

103 2640 221 2703 resque
245 2640 360 2703 gerere
383 2620 511 2706 potest?
534 2622 586 2684 An
609 2621 689 2685 haeo
712 2623 875 2687 hominum
904 2643 1001 2686 eausa
1024 2642 1043 2683 a
1066 2619 1125 2683 deo
1180 2657 1186 2707 ¹,

102 2731 278 2796 constituta
300 2725 395 2794 sunt?
425 2731 690 2815 Sapientiumne?
719 2733 859 2817 Propter
887 2754 1006 2817 pauoos
1029 2732 1126 2814 igitur

103 2848 195 2906 tanta
218 2851 266 2906 est
288 2840 373 2906 faeta
388 2863 495 2906 rerum
518 2843 647 2907 molitio.
687 2846 739 2906 An
755 2846 950 2909 stultorum?
973 2879 1018 2890 -
1042 2842 1124 2916 Quid

103 2954 313 3018 emolumenti
336 2954 441 3035 gratia
462 2963 570 3019 nostra
594 2956 821 3020 immortalibus
846 2963 878 3020 et
900 2957 1001 3020 beatis
1016 2954 1125 3032 largiri

101 3065 234 3149 potest?
258 3064 342 3137 Quid
366 3065 441 3127 mali
463 3063 554 3128 nobis
577 3064 684 3129 fuerat
707 3089 770 3131 non
795 3088 864 3131 esse
887 3064 1081 3141 ereatis?¹¹⁵)

190 3176 259 3241 Has
282 3182 314 3238 et
337 3175 417 3238 tales
437 3176 639 3258 quaestiones
653 3176 813 3260 'Epicurus
829 3179 956 3241 videtur
970 3177 1123 3260 posuisse,

108 3295 144 3350 ut
167 3286 392 3370 comprobaret
414 3293 558 3350 naturam
584 3308 691 3352 rerum
719 3310 782 3353 non
806 3288 967 3360 divinitus
984 3295 1123 3351 creatam

102 3418 173 3461 esse
198 3418 256 3460 neo
279 3396 410 3462 servari.
454 3397 524 3460 Nee
539 3398 676 3462 muudus
699 3401 779 3483 ipse,
803 3409 838 3465 ut
854 3401 956 3479 donet,
980 3399 1122 3462 animans

103 3519 168 3587 θεῖς
198 3509 295 3572 animi
323 3509 409 3573 enim
437 3517 584 3572 naturam
612 3515 645 3572 et
673 3509 919 3593 intelligentiam
946 3511 979 3574 in
1002 3509 1122 3572 nullam

102 3620 163 3682 nisi
186 3620 218 3682 in
241 3620 413 3686 humanam
443 3620 579 3703 figuram
607 3621 722 3685 eadere
752 3623 904 3688 videmus.
951 3618 1123 3684 Praeterea

102 3730 162 3793 iste
191 3729 271 3794 deus
304 3751 428 3796 summa
461 3734 626 3796 eeleritate
660 3741 935 3818 contorqueretur,
970 3731 1003 3796 id
1037 3729 1122 3814 quod

101 3841 271 3905 molestum
287 3848 345 3921 est,
363 3849 459 3927 atque
476 3845 547 3927 ejus
563 3846 706 3910 membra
722 3853 828 3912 essent
843 3845 960 3928 partim
976 3841 1122 3907 ardentia

101 3953 217 4034 partim
241 3952 443 4036 refrigerata,
466 3957 712 4038 necquicquam
734 3958 899 4039 ignoraret
920 3959 1043 4022 animus
1066 3958 1121 4021 ho-
