2734 4554
69 525 187 569 omnes
218 499 454 568 efficiuntur.⁸³)
498 501 537 565 In
571 503 630 566 hoc
663 502 758 585 pulsu
792 509 824 566 et
856 504 986 586 repulsu
1016 525 1097 588 quae

68 617 237 680 condenso
260 615 362 696 magis
385 613 555 696 conciliatu
584 613 710 696 exiguis
737 600 914 678 intervallis
944 624 1097 680 conuecta

68 727 242 805 resultant,
266 725 346 788 dura
377 723 530 804 efficiunt,
561 744 643 808 quae
672 724 767 804 longe
801 724 960 788 dissiliunt
994 735 1025 791 et
1048 749 1096 790 re·

68 835 212 912 cursant,
237 834 361 900 rara⁸⁴i
406 835 520 919 Itaque
544 835 646 898 omnis
661 854 768 897 rerum
785 837 923 898 varietas
939 839 974 900 fit
996 845 1096 902 trans-

68 947 301 1012 mutationibus
325 954 357 1011 et
380 968 510 1012 accessu
534 952 565 1009 et
587 965 716 1009 recessu
739 947 1010 1030 corpusculorum,
1035 951 1095 1030 vel,

68 1073 107 1121 ut
137 1060 182 1121 ait
208 1058 393 1138 Lucretius,
422 1057 521 1120 refert
550 1078 634 1138 ‚cum
658 1055 773 1142 quibus
796 1065 828 1121 et
851 1060 937 1141 quali
953 1057 1095 1142 positura

69 1170 248 1254 primordia
277 1169 509 1250 contineantur,
541 1187 683 1252 quosque
714 1169 797 1232 iuter
818 1190 859 1240 ne
889 1169 966 1233 dent
993 1179 1096 1252 motus

71 1279 360 1365 accipiantque’ffi)
395 1279 499 1343 Omne
530 1300 632 1362 genus
655 1285 758 1341 motus
788 1287 819 1343 et
847 1289 955 1344 coetus
985 1303 1026 1345 ex
1049 1284 1095 1345 iu·

70 1393 162 1454 finito
196 1398 341 1474 tempore
376 1397 512 1474 experta
541 1391 671 1453 tandem
699 1390 740 1452 ad
773 1391 853 1455 tales
888 1392 1095 1476 disposituros

71 1504 275 1586 perveniunt,
299 1504 409 1586 quales
432 1523 516 1566 nuno
539 1502 707 1564 cernimus.
721 1501 756 1566 86)
809 1503 847 1566 In
871 1505 984 1596 eodem
1008 1517 1095 1570 motu

72 1636 136 1698 quo
160 1635 244 1677 nunc
267 1597 489 1697 sunt-semper
515 1603 672 1696 principia
704 1605 889 1698 eademque
909 1617 1094 1680 condicione

71 1745 125 1788 res
148 1745 275 1809 semper
297 1730 468 1806 geruntur;
498 1744 602 1808 neque
633 1725 717 1786 enim
740 1709 909 1810 quicquam
938 1748 981 1790 ex
1009 1729 1094 1790 omni

72 1837 232 1920 effugere,
261 1857 366 1919 neque
394 1837 426 1898 iu
450 1855 542 1898 omne
571 1825 750 1917 irrumpere
780 1843 895 1920 potest,
925 1859 986 1921 quo
1017 1839 1093 1901 ordo

68 1947 266 2025 mutetur‚⁸⁷)
298 1947 411 2010 eadem
440 1966 565 2031 quoque
595 1953 668 2008 sunt
696 1965 824 2030 semper
855 1949 962 2012 omnia
988 1953 1103 2032 neque

69 2061 244 2143 quicquam
268 2065 326 2137 est,
349 2059 424 2142 quin
445 2060 514 2142 jam
537 2054 634 2119 fuerit
649 2064 755 2120 aetate
778 2071 851 2122 ante
875 2065 955 2124 acta.
994 2060 1093 2124 Prae·

68 2181 162 2234 terea
189 2171 295 2234 omnia
322 2175 468 2234 constant
496 2169 657 2251 permixto
689 2169 824 2249 semine3
852 2191 915 2232 non
947 2171 1110 2250 omuibus

69 2283 179 2345 omnia
200 2282 292 2363 paria
313 2279 439 2343 suut³⁸i
476 2279 591 2364 Neque
608 2280 714 2344 omnia
736 2278 923 2344 omnimodis
939 2282 1093 2365 conjungi

69 2399 219 2477 possunt,
251 2409 325 2456 nam
358 2391 456 2475 vulgo
490 2397 639 2475 portenta
664 2389 949 2458 ¹fieri'videresssi')
992 2393 1095 2456 Levia
1135 2433 1136 2437 =

69 2486 183 2567 sens-us
195 2501 338 2585 jucunde
355 2509 501 2586 tangunt,
518 2500 703 2565 rescindunt
715 2523 865 2566 sensuum
881 2503 948 2566 vias
964 2503 1091 2590 (πόρους)

68 2631 201 2697 aspera:
230 2613 294 2676 alia
314 2619 478 2697 tamquam
509 2605 638 2678 titillant
666 2607 895 2700 (γαργαλίζειν).
906 2613 939 2674 ⁹⁰)
985 2617 1092 2698 Atque

69 2725 169 2796 etiam
193 2706 262 2807 ipsi
295 2745 404 2788 sensus
438 2725 584 2788 oriuntur
614 2745 656 2804 en
689 2725 887 2788 insensilium
914 2732 1093 2788 atomorum

69 2834 334 2899 convenientibus
357 2835 503 2899 motibus.
557 2834 730 2916 Nimirum,
760 2831 834 2898 narn
861 2837 1092 2899 nutrimentum

69 2967 199 3031 quoque
222 2935 255 3009 in
278 2944 451 3016 animantia
474 2963 609 3029 corpora
633 2946 766 3008 vertitur
790 2953 822 3009 et
845 2946 1090 3031 deputrefacto

67 3065 211 3122 stercore
235 3057 378 3120 existunt
400 3057 464 3119 vivi
486 3076 611 3120 vermes
634 3062 666 3120 et
689 3076 732 3130 ex
754 3057 822 3120 ovis
843 3057 925 3120 fiunt
945 3059 1035 3142 pulli.

157 3169 209 3232 Ex
241 3167 398 3230 infinitate
432 3167 573 3230 universi
601 3187 728 3250 semper
762 3188 896 3252 corpora
930 3169 1091 3251 advolant,

69 3280 186 3364 quibus
209 3300 260 3342 res
283 3278 431 3341 aluntur·
458 3260 575 3361 Atque
589 3279 775 3342 minuuntur
797 3299 849 3342 res
871 3300 972 3363 usque
996 3289 1028 3344 et
1051 3282 1092 3344 ad

69 3399 252 3454 extremum
264 3391 296 3452 in
308 3395 415 3473 partes
430 3409 503 3452 suas
517 3388 740 3453 dissolvuntur.
748 3388 784 3457 ⁹¹)
821 3391 970 3472 ,Assidue
985 3393 1087 3455 fluere

69 3502 177 3565 omnia
200 3499 343 3565 constat’.
395 3499 525 3563 Geritur
548 3501 639 3583 quasi
668 3500 797 3581 bellum,
825 3513 909 3564 nunc
938 3511 1092 3585 superant

68 3613 183 3677 vitales
205 3618 318 3691 motus,
341 3632 425 3676 nuuc
447 3617 647 3693 superantur,
672 3619 705 3674 et
727 3612 841 3675 funere
864 3611 1015 3678 miscetur
1037 3634 1091 3676 va·

68 3725 156 3807 gitus
178 3725 385 3787 nascentium.

155 3834 201 3898 Ut
224 3835 330 3897 omnia
344 3835 389 3897 ita
404 3834 528 3897 animus
544 3854 670 3917 quoque
686 3833 804 3913 interit,
829 3835 934 3899 soluta
948 3836 1090 3918 corporis

68 3946 320 4030 congregatione
336 3945 541 4028 dispergitur.
551 3942 586 4008 ⁹⁸²)
622 3945 750 4008 Pariter
766 3946 938 4010 enimcum
954 3965 1089 4029 corpore

145 4051 146 4056 ,
903 4047 936 4098 2*
