2734 4554
739 337 777 401 16

652 425 853 432 -Μ

243 543 304 606 εἴτε
317 541 562 627 συμβεβηκότων,
579 542 678 628 μορφή
694 546 774 604 ἐστιν
789 539 868 612 αὕτη
884 551 938 604 τοῦ
954 541 1137 630 στερεμνίου’
1153 565 1182 608 κ.
1194 563 1223 607 τ.
1237 547 1265 608 λ.

246 687 281 700 ··-
300 651 386 716 Hinc
401 653 555 734 sequitur,
580 656 720 716 mentem
738 650 850 716 sentiri
865 653 1022 735 imagines
1044 653 1266 737 accipientem.

243 763 337 828 Adde
370 763 455 848 quod
478 763 573 845 Diog.
597 763 635 826 L.
664 762 698 828 X
719 761 761 826 49
794 761 912 827 formas
946 764 1122 828 seeundum
1157 771 1268 848 aptam

242 874 497 966 magnitudinem
525 879 566 946 εἰς
587 872 644 943 τήν
668 869 732 958 ὄψιν
754 871 774 944 ἢ
796 873 852 942 τὴν
876 865 1009 937 διάνοιαν
1031 875 1198 939 incurrere
1221 875 1268 938 di-

244 985 337 1052 citur.
381 985 455 1050 Huc
479 1006 606 1071 quoque
630 992 763 1069 spectat,
787 986 873 1072 quod
895 985 1066 1050 Lucretius
1081 985 1130 1048 IV
1147 984 1210 1051 758
1225 1008 1267 1051 ss.

242 1097 348 1162 tradit.
394 1095 446 1159 Illi
468 1097 530 1160 loci
553 1097 671 1160 similes
680 1093 717 1161 61)
739 1117 798 1159 sua
819 1097 891 1160 luce
915 1093 1149 1162 collustrant.⁶²l

329 1206 374 1270 Ut
397 1207 542 1272 sensibus
566 1215 608 1288 et,
636 1214 672 1270 ut
693 1208 738 1272 ita
768 1207 880 1274 dicam.
916 1207 1058 1290 corporis
1091 1215 1124 1270 et
1151 1209 1269 1273 mentis

243 1324 339 1403 atque
363 1318 626 1401 praenotionibus
649 1339 691 1382 ex
714 1317 762 1380 his
786 1316 863 1381 ortis
885 1338 937 1380 res
955 1318 1159 1402 percipimus,
1183 1341 1269 1404 quae

243 1437 326 1510 sunt,
350 1429 395 1496 ita
417 1429 552 1504 affectus
574 1430 627 1493 vel
650 1428 747 1492 animi
769 1433 883 1508 motus,
907 1427 1060 1494 videlicet
1082 1430 1269 1514 voluptates

244 1546 276 1604 et
292 1539 429 1620 dolores,
453 1561 510 1603 nos
527 1538 652 1620 docent,
676 1557 755 1624 ques
772 1559 824 1602 res
841 1545 1031 1622 expetamus
1046 1545 1079 1603 et
1094 1541 1268 1624 fugiamus,

244 1658 276 1715 et
300 1652 359 1716 hac
383 1649 510 1736 quidem
534 1655 642 1716 mente
671 1670 709 1713 ea
732 1671 860 1735 quoque
887 1649 1012 1734 judicia
1040 1651 1108 1716 sive
1137 1653 1270 1718 criteria

243 1759 496 1847 appellantur.⁶³)
895 1775 897 1780 '

330 1873 510 1937 Affectibus
533 1872 676 1956 gignitur
699 1873 846 1936 voluntas
876 1877 972 1955 atque
999 1873 1046 1936 ita
1069 1879 1117 1937 est
1140 1873 1270 1954 efficax,

246 1991 290 2058 ut,
314 1984 370 2048 ubi
393 1984 563 2048 simulacra
585 1990 730 2047 motuum
753 1983 965 2065 percepimus,
989 1985 1096 2048 anima
1117 2005 1178 2069 per
1201 2006 1272 2050 cor-

175 2093 177 2100 ’
246 2116 307 2178 pus
341 2094 458 2162 diffusa
491 2095 631 2178 pellatur
659 2093 815 2176 pulsaque
843 2113 958 2176 corpus
985 2101 1070 2178 agat.
1115 2094 1272 2160 Liberam

247 2226 316 2269 esse
333 2206 531 2294 voluntatem
545 2205 717 2269 Lucretius
737 2204 949 2270 declinatione
966 2213 1145 2269 atomorum
1160 2207 1272 2271 studet

245 2314 462 2382 declarare.⁶⁴)
506 2315 615 2400 Atque
644 2315 740 2378 etiam
770 2313 929 2392 Epicurus
963 2313 1032 2398 ipse
1062 2316 1147 2398 dicit,
1182 2317 1272 2400 quod

250 2427 284 2490 in
307 2433 415 2490 nostra
437 2431 595 2510 potestate
609 2427 669 2508 sit,
697 2425 913 2490 dominatione
940 2447 1051 2491 carere
1072 2447 1179 2510 neque
1203 2407 1272 2492 fato

245 2538 291 2602 illi
313 2537 507 2602 inexorabili
534 2538 709 2602 obnoxium
732 2557 802 2600 esse
830 2543 862 2600 et
891 2557 945 2600 eas
973 2538 1058 2618 ipsas
1086 2559 1138 2602 res
1165 2538 1271 2604 libere

244 2655 351 2732 gestas
374 2647 526 2731 subsequi
548 2648 832 2731 reprehensionem
854 2655 886 2712 et
908 2647 1173 2713 laudationemro

329 2758 416 2826 Num
450 2766 556 2822 autern
588 2759 749 2842 appetitus
784 2760 852 2824 sine
886 2759 951 2822 ulla
979 2760 1169 2824 necessitate
1197 2760 1272 2824 fieri

246 2870 405 2953 placuerit
428 2869 579 2954 Epicuro,
602 2889 716 2954 parum
740 2875 872 2933 constat.

332 2980 475 3064 Longior
498 2981 684 3064 explanatio
707 2979 779 3045 viae
806 2981 845 3044 ab
870 2980 1071 3044 evidentibus
1094 2979 1135 3044 ad
1158 2981 1272 3064 ignota

245 3090 453 3173 procedendi,
479 3092 645 3156 notionum
679 3091 777 3175 igitur
805 3098 836 3155 et
865 3091 1062 3175 judiciorum
1085 3099 1118 3155 et
1140 3093 1271 3156 conclu·

241 3200 371 3284 ¹sionum
393 3223 633 3286 supervacanea
655 3209 719 3283 est3
750 3223 810 3266 nec
839 3203 926 3266 enim
952 3202 993 3267 ad
1015 3200 1130 3267 melius
1158 3203 1271 3268 viven-

211 3327 215 3334 ·
245 3313 321 3376 dum
348 3333 408 3377 uec
435 3313 476 3378 ad
503 3314 700 3378 commodius
733 3313 954 3379 disserendum
987 3320 1035 3378 est
1057 3313 1104 3376 vis
1133 3311 1166 3376 in
1201 3313 1270 3378 dia-

245 3424 361 3489 lectica
404 3425 672 3491 Academicorum
716 3431 748 3490 ct
792 3425 981 3488 Stoicorum.
1054 3423 1271 3508 Physicorum

244 3532 379 3599 seientia
406 3542 438 3599 et
469 3536 642 3600 verborum
669 3535 716 3600 vis
745 3540 778 3600 et
805 3541 921 3599 natura
949 3534 1101 3598 orationis
1131 3542 1163 3600 et
1194 3554 1270 3601 con-

244 3647 761 3732 sequentium'repugnantiumve
787 3647 863 3710 satis
885 3664 1047 3730 superque
1070 3651 1175 3729 potest
1197 3667 1271 3728 per-

245 3756 318 3842 cipi.
362 3755 502 3822 Abunde
526 3756 653 3839 suflicit,
677 3778 734 3822 uos
757 3757 986 3821 vocabulorum
1008 3756 1269 3838 significationes,

247 3889 329 3952 quae
364 3865 494 3952 quidem
526 3867 602 3931 satis
635 3869 824 3952 perspicuae
859 3875 942 3949 suut,
977 3866 1078 3954 sequi.
1128 3867 1270 3934 Tantum

246 3977 415 4060 discimusp
434 3984 537 4044 totum
564 3978 644 4043 illud
678 3985 743 4061 ,aut
777 3977 874 4045 etiam
899 3986 955 4044 aut
984 3977 1062 4044 non'
1090 3959 1270 4063 Epicurum
