2734 4554
726 325 770 388 34'

239 573 243 582 -
325 531 416 597 Inter
449 537 577 596 caetera
608 532 694 595 mala
727 531 787 594 hoc
821 551 949 614 quoque
983 528 1081 593 habet
1113 528 1272 594 stultitia:

239 665 367 729 semper
389 643 501 728 incipit
522 640 701 721 nivere¹⁶⁴>

324 753 439 838 Nemo,
473 755 548 839 qnia
582 759 700 834 orator,
735 753 880 837 quamvis
915 753 1062 829 disertus,
1093 759 1152 834 est,
1183 772 1271 816 rem·

240 866 401 950 publicam
425 865 508 929 bene
531 885 647 948 gerere
668 865 736 929 scit.
746 863 797 942 155)

325 973 433 1040 Multis
454 997 585 1061 parasse
618 976 744 1040 divitias
774 995 837 1038 non
865 975 937 1038 finis
965 975 1164 1039 miseriarum
1195 973 1269 1056 fuit,

240 1087 297 1152 sed
320 1087 463 1151 mutatio.
473 1086 522 1165 156)

325 1198 485 1284 Epicurus
500 1197 627 1263 assidue
644 1197 800 1280 queritur,
817 1197 903 1280 quod
918 1197 1073 1261 adversus
1088 1196 1271 1280 praeterita

240 1311 338 1376 simus
361 1310 482 1392 ingrati
505 1307 547 1388 (id
571 1307 728 1392 estquod
755 1306 958 1391 negligamus
980 1314 1074 1392 parte
1101 1314 1133 1371 et
1162 1308 1269 1371 solum

240 1420 542 1502 animadvertamus,
567 1439 650 1503 quae
674 1417 875 1500 deonorum)

326 1531 592 1615 Magnificentior‚
616 1529 824 1606 mihicrede,
849 1549 954 1594 sermo
975 1536 1050 1593 tuus
1071 1529 1105 1591 in
1129 1529 1269 1608 grabato

241 1643 402 1708 videbitur
426 1643 512 1706 etin
535 1662 651 1724 panno.
686 1639 760 1704 Non
783 1640 866 1704 enim
885 1638 1031 1704 dicentur
1052 1646 1177 1704 tantum
1200 1639 1270 1720 illa,

241 1755 299 1820 sed
322 1752 554 1839 probabuntur.
563 1749 613 1829 ¹⁶⁸)

327 1865 464 1930 Saenius
487 1871 535 1927 est
557 1862 687 1926 afficere
710 1882 804 1947 quam
828 1861 914 1926 affici
929 1854 1102 1926 beneficiis.
1110 1858 1162 1940 159)

327 1976 417 2040 Tunc
432 1975 607 2058 praecipue
631 1975 711 2037 inte
727 1975 796 2056 ipse
813 1973 939 2049 secede,
963 1992 1035 2036 cum
1052 1994 1122 2037 esse
1138 1975 1271 2057 cogeris

242 2090 275 2152 in
296 2086 400 2151 turba.
411 2083 461 2165 160)

326 2198 431 2263 Nemo
454 2196 551 2260 debet
573 2197 741 2280 quicquam
765 2197 846 2260 adeo
869 2195 990 2259 habere
1005 2213 1206 2278 persuasum,
1231 2202 1271 2259 nt

243 2309 283 2374 de
306 2309 465 2373 sententia
488 2307 603 2371 deduci
625 2329 688 2371 non
712 2309 819 2392 possit,
844 2307 904 2370 nisi
926 2307 1063 2391 sapiens.
1072 2304 1121 2383 161)

327 2419 500 2503 Nunquam
523 2418 610 2483 volui
625 2419 745 2504 populo
760 2419 899 2502 placere,
921 2436 995 2481 nam
1011 2437 1096 2501 quae
1112 2437 1173 2500 ego
1190 2419 1270 2499 seio,

243 2552 306 2595 non
321 2530 437 2615 probat
452 2530 599 2615 populus,
624 2549 706 2612 quae
722 2529 837 2612 probat
852 2528 1000 2612 populus,
1016 2547 1077 2611 ego
1094 2525 1271 2607 nesci0.¹⁶²)
1351 2609 1352 2620 ἵ

327 2642 373 2706 Ut
395 2641 435 2704 ad
458 2647 656 2724 postremum
679 2640 770 2724 operi
792 2640 882 2723 quasi
905 2639 1068 2724 fastigium
1091 2640 1269 2724 imponam,
1351 2653 1352 2702 t

243 2753 283 2817 de
305 2754 374 2818 viro
402 2771 480 2815 vere
510 2751 646 2836 sapienti
672 2751 786 2829 scribo,
820 2751 875 2833 qui
901 2749 1034 2833 Epicuri
1062 2748 1270 2833 disciplinam

243 2871 370 2928 secutus
393 2861 434 2926 ad
457 2881 611 2926 summam
634 2861 865 2945 perfectionem
894 2867 927 2924 et
949 2859 1182 2924 absolutionem
1206 2862 1268 2925 liu·

242 2975 403 3039 maritatis
426 2974 524 3038 venit.
569 2972 642 3041 Non
665 2973 805 3038 inomni
835 2971 977 3062 corporis
1010 2970 1122 3036 habitu
1155 2992 1270 3057 neque

241 3086 274 3150 in
297 3086 383 3149 omni
406 3084 503 3148 animi
524 3082 632 3147 indole
654 3084 690 3147 fit
712 3084 807 3147 homo
829 3083 966 3167 sapiens.
1010 3083 1128 3148 Factus
1151 3082 1193 3146 de
1217 3082 1270 3148 dis

242 3195 475 3260 immortalibus
498 3195 566 3258 sine
589 3195 655 3258 ullo
678 3200 766 3259 metu
789 3215 867 3258 vera
890 3201 922 3259 et
943 3195 998 3280 pie
1023 3194 1134 3275 sentit3
1157 3213 1269 3279 neque

242 3313 376 3372 mortem
401 3307 502 3384 timet,
525 3306 633 3386 immo,
656 3305 683 3370 si
704 3305 749 3369 ita
770 3305 884 3370 melius
906 3309 955 3388 sit,
979 3304 1101 3370 devita
1123 3305 1274 3388 migrare

242 3439 306 3482 non
329 3417 469 3499 dubitat3
500 3419 697 3502 sepulturam
728 3416 879 3500 negligit3
908 3416 996 3481 nullo
1025 3413 1170 3500 tempore
1198 3437 1268 3481 non

242 3530 314 3613 plus
329 3529 528 3614 voluptatum
542 3547 638 3613 quam
653 3528 799 3593 dolorum
811 3527 919 3608 habet,
934 3527 1049 3591 beatus
1064 3532 1121 3602 est,
1138 3527 1272 3592 etiamsi

242 3645 411 3725 torquetur
433 3646 490 3704 aut
511 3640 542 3703 in
559 3637 740 3704 Phalaridis
755 3645 849 3703 tauro
867 3638 981 3719 uritur,
1004 3637 1104 3702 oculis
1118 3637 1274 3720 privatus

242 3750 352 3815 virere
375 3751 496 3833 pergit3
524 3750 629 3814 finitas
657 3768 806 3833 quaeque
828 3747 922 3812 facile
945 3747 1119 3832 explentur
1141 3747 1271 3832 cupidi·
1350 3761 1351 3818 ζ

243 3867 326 3926 tates
348 3860 461 3941 habet3
484 3881 547 3925 non
563 3859 757 3944 Cynicorum
773 3877 862 3922 more
879 3858 969 3942 degit
986 3858 1095 3940 vitam,
1117 3877 1160 3921 ne
1175 3875 1273 3922 men·

243 3972 351 4038 dicare
366 3977 508 4056 cogatur,
530 3970 579 4035 rei
601 3968 752 4034 familiari
774 3970 870 4034 etiam
894 3969 927 4034 in
949 3967 1093 4033 futurum
1113 3967 1273 4054 providet
