2734 4554
604 327 644 391 15

518 415 719 422 --—-—---

102 534 263 618 ‚suspicor
285 532 454 616 intchectc
477 532 646 595 intervallo
670 532 839 595 Platonem
862 531 1031 610 accedere;
1058 553 1130 596 cum

104 645 253 725 accessit,
269 643 374 724 video,
395 664 429 706 re
446 663 523 708 vera
539 663 608 706 esse
625 641 814 706 Platoncm'.
852 643 922 708 Nec
937 664 1013 709 vcro
1029 645 1130 728 magis

105 777 205 842 quam
227 777 309 841 quac
322 776 387 820 vox
410 776 428 819 e
450 755 625 838 longinquo
647 753 776 818 auditur
791 774 901 838 parva,
919 754 998 819 falso
1015 754 1130 820 dicitur

105 869 227 946 audita,
250 867 336 952 quod
352 888 393 931 ex
409 866 648 952 propinquitate
668 865 774 950 major
796 871 898 941 sonat,
921 867 1029 950 imago
1052 866 1131 930 falsa

106 985 158 1044 est
180 979 335 1064 putanda,
359 998 441 1062 quae
465 999 482 1041 e
506 977 681 1060 longinquo
704 977 773 1040 visa
796 977 898 1040 minor
921 983 980 1041 est.
1014 975 1075 1040 Est
1098 974 1130 1041 et

106 1090 238 1154 videtur
259 1090 474 1170 simulacrum,
500 1086 583 1174 quod
601 1108 660 1172 per
677 1088 808 1170 longum
825 1085 963 1172 spatium
978 1088 1131 1153 advolans

106 1201 308 1265 deminutum
323 1207 381 1284 est,
398 1201 516 1279 minus;
534 1200 619 1282 quod
635 1206 746 1265 contra
761 1200 829 1264 sine
841 1221 930 1264 mora
941 1201 973 1262 in
990 1200 1130 1282 speciem
1161 1185 1163 1188 ¹

105 1312 230 1393 incidit,
266 1311 371 1395 majus
401 1318 448 1375 cst
478 1318 510 1374 ct
538 1310 677 1374 videtur.
722 1310 902 1396 Utrumque
936 1330 1013 1375 vero
1046 1310 1131 1375 idem

107 1429 224 1508 putare
247 1421 347 1488 falsae
370 1423 528 1506 opinionis
551 1427 607 1485 est.
641 1419 753 1506 Itaque
777 1443 849 1486 cum
864 1442 975 1486 sensus
997 1423 1060 1505 ipsi
1074 1443 1132 1507 per

105 1555 141 1598 se
165 1555 218 1598 res
240 1555 434 1618 cognoscere
465 1555 528 1598 uon
558 1533 689 1616 possint,
721 1533 849 1597 adicere
878 1540 934 1596 aut
962 1532 1131 1600 detrahere

107 1645 333 1710 affectionibus
349 1667 501 1710 sensuum
515 1645 706 1726 mentisque,
731 1643 816 1728 quod
832 1665 913 1728 opus
929 1651 985 1717 est,
1008 1644 1132 1707 animus

108 1756 216 1838 debet,
240 1764 295 1821 aut
318 1779 448 1840 prorsus
471 1777 525 1820 cas
548 1756 695 1839 rejicere,
725 1762 762 1816 ut
785 1753 906 1818 Orestis
934 1775 1045 1818 sensus
1068 1753 1131 1816 Fu·

107 1869 229 1932 riarum
254 1869 322 1932 veri
345 1866 390 1930 illi
405 1867 536 1951 quidem
560 1865 616 1930 sed
639 1886 702 1929 ncn
726 1885 785 1949 pro
801 1865 963 1948 corporeis
986 1871 1018 1928 et
1040 1884 1131 1947 prae-

107 1979 252 2044 sentibus
275 1977 416 2043 habendi
439 1976 578 2042 erant.⁵³⁷l
613 1976 707 2050 Quod
730 1975 755 2038 si
772 1975 817 2056 fit,
841 1975 976 2058 probata
998 1974 1130 2038 scicntia

107 2088 249 2152 efficitur
271 2096 367 2173 atque
390 2111 498 2153 rerum
521 2093 636 2152 natura
665 2087 762 2151 animi
784 2087 908 2150 ratione
931 2086 1131 2169 perspicitur.

106 2237 149 2246 -
173 2199 232 2281 Ea,
261 2221 343 2283 quae
375 2221 433 2284 per
461 2222 495 2264 se
524 2199 611 2263 haud
637 2204 713 2262 nota
746 2204 820 2260 sunt
853 2217 958 2282 neque
992 2217 1133 2281 unquam

106 2312 196 2376 cerni
221 2317 363 2394 possunt,
387 2311 621 2377 concluduntur
643 2309 701 2387 ita,
724 2315 759 2372 ut
775 2308 921 2371 omnibus
937 2328 1019 2392 quae
1036 2328 1132 2392 appa-

107 2429 183 2486 rent
206 2423 301 2486 rebus
317 2421 590 2496 commendentur,
614 2422 716 2485 idest
739 2418 907 2508 ,ἀναλόγως
930 2427 1000 2490 τοῖς
1014 2421 1132 2502 περιλο-

106 2531 203 2605 πτοῖς’
227 2533 418 2616 cogitentur.
455 2533 606 2616 Denique
629 2551 783 2610 normam,
807 2549 870 2613 qua
886 2528 1042 2614 Elpicarus
1062 2549 1132 2592 sen·

108 2665 162 2708 sus
184 2644 294 2718 metiri
314 2651 410 2727 atque
433 2645 597 2728 corrigere
620 2663 733 2728 eaque,
758 2660 841 2724 quae
864 2640 896 2702 in
920 2638 1069 2724 opinione
1091 2640 1132 2703 ab

107 2755 156 2837 iis,
181 2777 263 2841 quae
287 2757 319 2818 in
342 2761 457 2818 natura
472 2762 555 2835 sunt,
579 2754 776 2836 distinguere
793 2751 900 2833 voluit,
925 2751 1046 2816 nullam
1061 2771 1129 2814 rem

107 2868 205 2932 aliam
229 2890 265 2932 ao
288 2866 551 2951 consequentiam
574 2869 840 2946 constantemque
867 2869 1013 2926 tenorem
1037 2881 1133 2925 even·

108 2984 215 3042 torum
237 2977 335 3042 fuisse
357 2999 421 3042 non
443 2983 566 3041 temere
588 2972 834 3059 suspicamur.⁵⁸l

199 3091 271 3155 Hac
298 3089 368 3153 tere
396 3087 519 3153 ratione
548 3087 710 3171 Epicurus
740 3085 878 3148 evixisse
906 3082 966 3147 sibi
996 3081 1130 3154 videtur,

108 3205 141 3268 in
166 3202 311 3268 sensibus
333 3206 367 3264 et
389 3197 668 3282 anticipationibus
691 3195 796 3279 posita
824 3215 894 3258 essc
916 3193 1061 3260 veritatis
1079 3194 1131 3278 ju-

109 3315 194 3379 dicia
217 3308 388 3401 (κριτήρια).
435 3311 469 3374 Si
497 3311 529 3373 in
559 3330 597 3372 ec
619 3327 753 3371 numero
776 3304 929 3388 Epicurei
953 3305 1050 3368 ctiam
1078 3304 1132 3378 τοὶς

109 3421 316 3513 φανταστικὰς
344 3421 486 3504 ἐπιβολὰς
513 3429 567 3494 τῆς
596 3408 727 3490 διανοίας
750 3416 921 3496 habebant,
930 3414 967 3482 ⁶⁹)
997 3417 1036 3480 ab
1068 3437 1132 3480 ma·

109 3538 210 3620 gistrc
232 3556 295 3599 non
319 3530 557 3608 dissentiebant,
587 3535 699 3614 utpote
728 3527 784 3612 qui
811 3526 941 3591 easdem
969 3527 1133 3591 induxerit

108 3653 146 3710 ut
168 3642 343 3710 criteria.⁸⁰t
388 3642 431 3706 Et
446 3642 523 3725 quid
545 3642 625 3705 haec
648 3639 749 3703 verba
764 3639 864 3723 (φαντ.
890 3638 965 3718 ἑπιβ.
989 3661 1017 3702 τ.
1042 3627 1132 3720 δίαν.)

109 3758 171 3821 sibi
194 3756 303 3821 velint.
334 3761 505 3838 conspecta
527 3774 577 3836 ap.
603 3752 697 3836 Diog.
722 3748 765 3812 X.
790 3750 993 3833 paragrapho
1015 3747 1058 3814 50
1087 3749 1132 3814 fa-

110 3865 228 3930 cillime
255 3865 460 3948 intelligitur:
492 3862 546 3928 en!
582 3863 644 3946 ,καὶ
665 3867 702 3933 ἣν
731 3855 767 3921 ἂν
795 3859 939 3944 λάβωμεν
967 3861 1133 3946 φαντασίαν

111 3977 312 4059 ἐπιβλητικῶς
338 3983 379 4046 rt
402 3965 519 4056 διανοίᾳ
547 3972 567 4046 ἢ
594 3984 658 4048 τοῖς
690 3969 892 4055 αἰσθητηρίοις
926 3973 986 4034 alre
1020 3979 1133 4061 μορφῆς
