2734 4554
615 325 653 386 31

105 533 186 592 tam
208 528 309 592 multa
332 529 402 593 aliis
431 528 628 613 deprompsit
661 552 757 613 qnam
790 536 968 610 accusatur,
1004 525 1146 615 plurima

106 622 254 704 aliorum
277 642 396 724 scripta
418 642 595 725 perlegisse
616 662 721 725 neque
743 642 789 704 ita
811 641 989 705 ineruditus
1012 663 1141 706 censen-

108 751 178 814 dus
208 758 264 814 est.
310 753 487 816 Praeterea
510 752 580 817 Siro
610 758 641 816 et
664 752 872 816 Philodemus
894 751 1048 839 Epicurei
1071 774 1143 816 cum

112 859 236 944 optimi
270 863 330 925 viri
363 871 431 926 tum
462 861 633 926 doctissimi
666 863 810 928 homines
845 862 1069 944 dicuntur3¹³⁷)
1098 886 1142 928 an

106 995 196 1038 vero
212 974 360 1058 discipuli
382 975 492 1036 literas
514 975 693 1038 sciverunt:
717 976 870 1058 magister
892 996 955 1039 non
978 975 1078 1037 item?
1101 1011 1142 1020 —-

206 1077 287 1149 (lum
310 1091 418 1149 autem
433 1106 497 1148 non
521 1085 597 1149 satis
619 1086 659 1148 sit
678 1085 836 1168 judicare,
856 1085 932 1169 quid
956 1093 1012 1149 aut
1035 1086 1141 1150 facero

109 1203 174 1261 ant
203 1197 416 1261 intermittere
444 1195 628 1277 debeamus,
659 1185 716 1260 sed
746 1196 843 1260 etiam
871 1204 955 1260 stare
995 1205 1143 1279 oporteat

109 1309 146 1372 in
166 1329 215 1384 ec,
239 1307 324 1392 quod
338 1313 386 1371 est
403 1307 643 1390 -judicatum,
662 1308 885 1390 temperantia,
903 1307 1067 1387 fortitudo,
1090 1309 1142 1391 ju-

110 1420 203 1506 stitia
233 1440 313 1503 opus
341 1426 399 1499 est,
434 1439 512 1501 quas
546 1419 681 1482 virtutes
708 1440 771 1483 nou
805 1431 936 1503 propter
968 1439 1002 1482 se
1032 1419 1141 1503 expeti

109 1530 321 1595 manifestum
338 1535 395 1593 est.
607 1535 610 1542 '

203 1639 433 1724 Temperantia
449 1642 533 1704 enim
555 1661 669 1723 pacem
684 1641 797 1704 animis
813 1640 908 1704 affert
924 1645 956 1704 et
978 1661 1035 1704 nos
1050 1641 1141 1724 quasi

112 1753 286 1819 concordia
315 1751 453 1836 quadam
481 1752 587 1834 placat
620 1772 657 1814 ac
684 1751 764 1814 lenit
799 1757 895 1835 atque
928 1752 1077 1834 prohibet
1109 1752 1155 1846 in

111 1865 244 1930 morbos
266 1884 391 1948 graves,
415 1863 446 1925 in
471 1861 595 1943 damna,
618 1863 652 1925 in
675 1861 834 1926 dedecora
856 1861 1088 1941 incurrere¹³⁸>

194 1974 372 2054 ¹Fortitudo
396 1973 468 2037 ideo
493 1972 673 2048 adhibetur,
709 1981 745 2036 ut
774 1974 846 2048 ‚sine
883 1959 961 2036 cura
988 1981 1141 2058 metuque

111 2088 263 2152 vivamus
284 2087 488 2169 animumque
517 2090 549 2147 ct
571 2103 696 2166 corpus,
728 2091 882 2167 quantum
911 2083 1040 2148 efficere
1069 2106 1140 2168 pos-

112 2201 223 2278 simus,
246 2198 392 2262 molestia
413 2197 595 2260 liberemus.
641 2196 756 2280 Neque
789 2195 874 2259 enim
902 2194 1047 2258 laborum
1070 2217 1141 2280 per-

113 2309 241 2373 functio
274 2285 379 2392 neque
414 2305 578 2391 perpessio
613 2306 758 2372 dolorum
792 2328 850 2391 per
884 2328 918 2370 se
941 2308 1011 2392 ipsa
1033 2307 1139 2370 allicit.

113 2421 281 2486 Robustus
305 2420 429 2483 animus
463 2425 496 2482 et
523 2419 670 2482 excelsus
704 2418 789 2481 omni
824 2425 872 2481 est
904 2418 986 2481 liber
1010 2439 1087 2480 cura
1109 2432 1142 2481 et

112 2552 250 2614 angore,
274 2538 409 2594 mortem
434 2531 617 2608 contemnit,
642 2527 790 2593 fortunae
813 2550 878 2594 non
902 2529 996 2610 cedit,
1020 2529 1061 2593 ad
1084 2530 1140 2593 do-

112 2644 217 2707 lorem
246 2643 291 2705 ita
318 2647 448 2724 paratus
477 2647 534 2720 est,
569 2647 604 2703 ut
633 2640 815 2704 meminerit
846 2641 1003 2705 maximos
1037 2648 1139 2706 morte

112 2753 210 2832 finiri,
233 2773 349 2837 parvos
372 2752 472 2814 multa
495 2752 614 2815 habere
637 2751 807 2814 intervalla
829 2737 992 2835 requietis,
1021 2751 1140 2815 medio-

115 2864 220 2928 crium
244 2885 300 2928 nos
322 2884 392 2927 esse
416 2858 569 2943 dominos,
594 2869 629 2925 ut
651 2863 678 2925 si
693 2859 877 2926 tolerabiles
892 2863 964 2942 sint,
988 2861 1138 2942 feramus,

113 2975 267 3052 siminus,
301 2975 406 3038 animo
444 2994 547 3058 aequo
576 2994 594 3037 e
623 2974 699 3057 vita,
731 2993 803 3036 cnm
836 2993 875 3037 ea
908 2993 969 3037 non
1003 2973 1139 3056 placeat,

114 3092 281 3169 tamquam
304 3106 322 3149 e
344 3085 470 3148 theatro
494 3105 657 3149 exeamus.
667 3082 717 3161 1³⁹)
799 3149 801 3154 ,
896 3095 916 3116 ¹

203 3197 254 3260 Ne
285 3196 412 3280 justitia
449 3194 580 3279 quidem
612 3216 632 3257 a
664 3193 830 3278 voluptate
868 3194 992 3258 secerni
1024 3199 1137 3278 potest.
1224 3265 1225 3272 χ

115 3307 321 3390 Tranquillet
343 3307 473 3370 animos.
518 3306 631 3370 Potest
652 3306 779 3369 nocenti
811 3306 1008 3388 contingere,
1038 3315 1073 3368 ut
1095 3306 1140 3368 la-

115 3425 195 3496 teat,
218 3416 338 3480 latendi
362 3417 441 3480 fides
472 3437 535 3480 non
558 3424 672 3500 potest.
718 3416 799 3496 ,Nec
829 3416 953 3480 facilest
981 3417 1139 3500 placidam

115 3549 156 3593 ac
178 3535 321 3612 pacatam
347 3528 466 3610 degere
489 3529 597 3607 vitam,
628 3529 683 3612 qui
714 3527 811 3591 violat
839 3525 931 3591 factis
960 3529 1139 3594 communia

116 3638 252 3704 foedera
274 3637 435 3723 pacis'.¹⁴⁰)
469 3637 693 3722 Improborum
716 3637 801 3702 facta
824 3639 1013 3722 plerumque
1036 3641 1139 3723 primo

117 3749 255 3834 suspicio
278 3750 491 3833 subsequitur.
517 3749 591 3812 dein
607 3769 711 3813 sermo
726 3757 823 3832 atque
847 3750 942 3832 fama,
965 3757 1033 3812 tum
1048 3745 1140 3814 accu-

118 3867 214 3940 sator,
229 3869 305 3923 -tum
324 3860 439 3943 judex.
485 3858 606 3933 Quodsi
634 3859 688 3943 qui
717 3860 795 3923 satis
823 3861 883 3923 sibi
907 3869 1017 3924 contra
1039 3861 1140 3925 homi-

118 3991 195 4036 num
219 3972 443 4034 conscientiam
473 3971 575 4055 saepti
599 3991 668 4035 esse
697 3977 730 4034 et
755 3971 868 4034 muniti
885 3971 1041 4053 videntur,
1066 3971 1140 4036 deo·
