2734 4554
560 333 562 340 “
604 329 646 396 33

1 585 2 598 ,
95 533 342 618 intelligerent,
359 533 436 618 quid
451 533 629 618 prodesset,
646 540 679 599 et
695 541 853 626 tenerent.
871 537 989 624 'Poena
1012 545 1060 602 est
1083 559 1138 604 ne·

97 645 249 709 cessaria
270 650 404 728 propter
426 645 624 730 insipientes,
648 647 763 730 quibus
778 645 855 729 quid
870 647 972 730 prosit
995 648 1138 714 admoni-

99 755 251 819 tionibus
273 755 463 840 persuaderi
485 778 550 822 non
573 763 687 841 potest.
696 755 746 835 142)

200 865 263 932 sed
288 867 559 931 existimationum
574 867 708 951 Epicuri
730 866 770 931 de
794 889 829 932 re
853 870 958 934 ethica
981 871 1136 955 exiguum

98 997 280 1042 numerum
303 984 466 1061 tamquam
480 979 595 1042 florum
614 978 778 1042 hincinde
794 979 1020 1066 decerptorum
1036 1004 1137 1067 quen-

102 1088 185 1152 dam
208 1089 395 1154 fasciculum
418 1089 585 1172 alligatum
607 1089 764 1173 praebeo:

194 1198 236 1263 Et
255 1199 433 1283 juvenibus
448 1206 481 1263 et
494 1198 624 1264 senibus
639 1200 931 1284 philosophandum
946 1211 1005 1283 est,
1029 1225 1135 1290 neque

101 1310 195 1374 enim
217 1309 360 1374 nondum
383 1331 488 1394 neque
511 1332 576 1375 non
594 1313 663 1394 jam
686 1316 813 1396 tempus
837 1320 885 1377 est
910 1313 951 1378 ad
974 1316 1072 1379 animi
1087 1337 1135 1380 sa·

100 1417 309 1497 nitatem.¹⁴³)

195 1531 339 1596 Futurae
362 1553 414 1596 res
436 1553 542 1617 neque
564 1534 598 1596 in
620 1539 728 1598 nostra
749 1540 910 1617 potestate
933 1544 1006 1602 sunt
1029 1559 1135 1622 neque

103 1643 239 1708 'omnino
263 1665 326 1707 non
349 1663 392 1706 ex
415 1643 506 1708 nobis
526 1642 740 1727 pendentm)

194 1753 268 1817 Non
295 1754 415 1818 bonum
447 1760 503 1818 aut
530 1756 650 1819 malum
679 1777 698 1818 a
725 1755 855 1820 fortuna
883 1758 1044 1836 tribuitur,
1079 1760 1135 1824 sed

104 1863 202 1928 initia
224 1884 342 1946 magna
365 1865 519 1928 bonorum
543 1875 575 1930 et
598 1865 823 1944 malorum.¹⁴⁵)

196 1973 347 2040 Juounda
381 1983 430 2040 est
464 1977 550 2039 omni
583 1997 626 2040 ex
662 1983 754 2062 parte
788 1979 906 2042 mortui
939 1982 1032 2046 amici
1069 2003 1135 2047 me-

102 2086 220 2150 moria.
230 2083 281 2168 146)

195 2197 254 2260 Est
276 2197 371 2261 situm
394 2199 424 2260 in
449 2199 549 2275 nobis,
579 2204 670 2262 utet
698 2198 835 2264 adversa
863 2203 953 2286 quasi
976 2211 1135 2290 perpetua

1 2335 2 2338 ¹
105 2307 283 2372 oblivione·
308 2308 479 2372 obruamus
513 2317 546 2374 et
575 2310 720 2392 jucunda
748 2312 891 2394 jucunde
925 2335 963 2379 ac
994 2316 1135 2382 suaviter

102 2417 416 2497 meminerimus.1⁴⁷)

196 2528 329 2598 Initium
353 2536 400 2593 est
423 2531 534 2596 salutis
554 2534 669 2597 notitia
691 2535 824 2616 peccati.
833 2533 882 2614 148)

194 2639 260 2704 Uni
293 2661 336 2704 ex
370 2642 568 2706 consortibus
602 2643 780 2708 studiorum
815 2668 946 2712 suorum
974 2649 1134 2732 Epicurus

105 2751 253 2835 scripsit:
277 2750 400 2833 ,Haee’,
424 2753 536 2836 inquit,
560 2774 632 2836 ,ego
655 2777 719 2820 non
742 2758 860 2840 multis,
883 2760 939 2823 sed
962 2761 1035 2824 tibi:
1059 2762 1134 2826 satis

105 2862 196 2928 enim
219 2884 373 2945 magnum
396 2865 477 2928 alter
500 2864 594 2928 alteri
616 2867 778 2929 theatrum
801 2889 918 2934 sumus.
928 2867 978 2948 149)

195 2973 423 3056 Philosophiae
447 2975 567 3038 servias
582 2979 719 3060 oportet,
745 2984 781 3040 ut
803 2977 860 3042 tibi
876 2982 1041 3064 contingat
1055 3004 1134 3050 vera

104 3070 251 3148 libertas.
263 3081 312 3161 ¹⁵⁰)

195 3194 380 3260 Ridiculum
414 3203 461 3261 est
495 3218 625 3262 currere
659 3198 700 3263 ad
734 3207 869 3264 mortem
902 3203 1008 3268 taedio
1037 3207 1132 3288 vitae,

103 3325 183 3368 cum
216 3326 337 3388 genere
374 3306 459 3370 vitae
491 3315 529 3371 ut
562 3311 756 3374 currendum
793 3311 833 3375 ad
870 3321 1005 3379 mortem
1039 3325 1132 3396 esset,

106 3413 326 3494 effeceram)

197 3526 231 3591 Si
254 3529 305 3591 cui
327 3549 385 3591 sua
412 3547 477 3591 non
506 3529 657 3595 videntur
691 3534 894 3617 amplissima,
928 3537 1004 3601 lioet
1037 3541 1133 3606 totius

106 3636 226 3702 mundi
248 3637 394 3702 dominus
417 3640 467 3721 sit,
490 3646 598 3706 tamen
619 3643 716 3706 miser
739 3651 795 3708 est.
805 3642 856 3724 152)

196 3750 322 3834 Aliquis
343 3750 393 3813 vir
414 3750 517 3816 bonus
539 3751 630 3817 nobis
662 3754 830 3836 eligendus
853 3764 911 3838 est,
941 3781 979 3824 ac
1006 3783 1133 3848 semper

107 3865 185 3923 ante
209 3860 316 3923 oculos
344 3860 520 3944 habendus,
550 3870 585 3927 ut
613 3865 657 3928 sic
685 3870 850 3950 tamquam
881 3870 936 3934 illo
967 3879 1132 3955 spectante

106 3969 256 4034 vivamus
279 3976 311 4034 et
333 3971 440 4036 omnia
462 3979 633 4058 tamquam*
647 3976 702 4040 illo
725 3977 855 4044 vidente
879 3980 1094 4063 faciamus¹⁵³>

945 4083 962 4136 3

1262 4062 1312 4127 ι
1364 4045 1365 4048 ,

1232 4129 1365 4352 Ἢ
