2734 4554
203 1143 334 1264 lllogna
356 1177 610 1244 doctissimorum
630 1177 795 1243 hominum
818 1177 859 1243 de
874 1175 1008 1263 Epicuri
1031 1178 1134 1268 philol-

111 1292 245 1378 sophiae
273 1297 390 1357 natura
418 1295 450 1356 et
477 1291 596 1356 virtute
632 1311 691 1375 per
721 1290 859 1355 saecula
878 1290 940 1354 luit
967 1288 1132 1355 dissensio.

112 1403 199 1479 Quin
232 1401 329 1469 etiam
371 1403 476 1468 adhuc
509 1403 581 1487 ejus
618 1395 807 1487 disciplinae
841 1402 939 1467 totius
973 1403 1134 1488 sententia

110 1517 325 1600 voluntasque
353 1520 449 1600 atque
478 1514 658 1600 permultae
692 1531 744 1578 res
775 1513 922 1597 singulae
955 1513 1042 1578 adeo·
1069 1534 1133 1579 non

112 1627 189 1692 satis
216 1626 400 1712 explicatae
430 1632 486 1691 aut
514 1626 702 1691 aestimatae
729 1630 820 1714 sunt,¹
846 1630 883 1689 ut
912 1625 1052 1690 Groteus
1078 1625 1133 1700 ille

112 1735 290 1822 Epicurum
309 1740 399 1823 justa
418 1737 543 1823 judicia
564 1736 707 1802 nondum
723 1743 929 1804 consecutum
952 1757 1023 1802 esse
1045 1741 1133 1801 recte
1183 1745 1190 1754 '

113 1856 147 1914 ct
179 1847 258 1914 mihi
291 1849 452 1914 censuisse
488 1847 645 1914 videatur.
701 1847 822 1923 Quodsi
861 1848 992 1912 tandem
1024 1847 1132 1923 tribui,

113 1943 200 2046 quod
218 1955 364 2042 debetur,
380 1948 536 2042 volumus,
554 1975 686 2026 necesse
698 1958 780 2026 duoc
792 1980 863 2026 esse
878 1957 1045 2044 principio,
1062 1980 1135 2024 cum
1168 2003 1171 2008 -

113 2071 274 2157 quomodo
307 2070 444 2138 formam
483 2072 707 2157 philosophiae
739 2077 867 2136 auctor,
883 2069 1068 2136 fundaverit
1100 2077 1133 2135 et

115 2176 314 2249 exstruxerit
336 2184 540 2264 enucleetur,
570 2183 780 2261 fundamenta
808 2183 877 2248 sine
899 2183 948 2249 ira
970 2187 1003 2248 et
1029 2182 1134 2247 studio

114 2295 266 2374 substrui,
290 2296 323 2359 in
346 2296 462 2380 quibus
485 2316 568 2380 quae
591 2317 655 2360 nou
673 2295 744 2379 jam
766 2295 846 2361 dilui
868 2295 968 2377 possit
990 2293 1134 2376 dignatio

114 2413 262 2491 ponatur.
309 2407 399 2482 Quas
421 2409 566 2493 quaestio
587 2413 623 2471 ut
637 2405 679 2471 ad
699 2407 823 2470 exitum
839 2405 1045 2502 perducatur,
1067 2405 1136 2489 ip'se
1186 2455 1190 2460 .

112 2538 252 2602 quoquc,
276 2519 382 2602 quoad
405 2520 476 2603 ejus
498 2519 569 2582 fieri
591 2524 706 2604 potest,
730 2518 965 2602 aliquantulum
987 2515 1135 2582 conferre

111 2629 254 2695 intendo.
298 2629 387 2694 Nihil
409 2619 531 2693 scilicet
551 2629 627 2695 novi
648 2629 762 2707 dicam,
786 2651 825 2694 ea
846 2636 965 2711 tamen,
988 2649 1072 2714 quae
1094 2648 1137 2692 ex

111 2740 189 2824 ipsis
219 2740 362 2805 fontibus
390 2741 497 2805 omnia
525 2739 595 2805 fere
626 2749 758 2808 manant
785 2757 934 2829 quaeque
967 2741 1071 2806 soluto
1099 2762 1136 2806 ac

113 2851 219 2916 libero
238 2851 362 2935 judicio
384 2852 548 2917 illustrata>
564 2859 648 2920 sunt.
1043 2937 1046 2944 ἱ
1088 2913 1091 2921 .

200 2961 266 3027 Sed
293 2965 484 3048 priusquam¹
511 2963 553 3029 ad
581 2966 663 3032 hanc
684 2965 930 3050 philosophiam,
954 2984 1049 3048 quam
1065 2963 1137 3029 hre-

113 3075 196 3137 vitcr
216 3073 413 3160 strictimque
435 3077 660 3161 exponendam
674 3077 826 3162 proposui
842 3075 930 3159 mihi,
953 3075 1136 3158 aggrediar,

112 3206 218 3271 pauca
232 3179 283 3250 de
314 3184 377 3263 e'is,
410 3208 493 3272 quae
526 3189 559 3252 in
589 3189 704 3253 litteris
735 3187 943 3272 antiquitatis,
963 3187 1137 3252 memoriae

114 3302 244 3361 nostrae
268 3297 309 3362 de
332 3299 393 3363 hac
416 3319 512 3362 causa
533 3297 662 3382 prodita
684 3305 767 3381 sunt,
792 3299 955 3364 disseram.

200 3408 275 3492 Ipse
297 3407 457 3493 Epicurus
472 3407 492 3470 1>
514 3410 672 3487 rationem
699 3415 732 3474 et
759 3409 891 3474 inventa
920 3431 978 3474 sua
1006 3416 1163 3474 auctore-

113 3519 263 3602 Diogene
286 3517 418 3586 Laertio
431 3517 454 3586 21
478 3519 692 3585 voluminibus
715 3519 841 3585 circiter
868 3521 1021 3586 trecentis
1049 3542 1138 3586 man·

113 3630 213 3696 davit.
258 3628 478 3696 Inscribuntur
506 3632 541 3696 hi
562 3633 637 3696 libri
670 3631 711 3696 (16
739 3639 872 3711 natura,
900 3631 941 3696 de
969 3633 1082 3696 atomis
1106 3614 1155 3695 et¹

113 3742 211 3824 inani,
234 3742 275 3807 (16
298 3743 367 3827 diis,
396 3745 436 3808 de
459 3743 541 3824 vitis,
565 3743 606 3808 (16
628 3744 708 3822 visu,
740 3743 780 3808 (16
804 3750 901 3822 tactu,
933 3743 974 3808 de
996 3741 1072 3825 fato,
1097 3743 1138 3806 (16
1266 3753 1268 3758 ’

112 3854 318 3937 imaginibus,
342 3854 382 3920 de
405 3854 502 3922 rebus
531 3855 669 3938 musicis,
703 3855 745 3920 de
774 3875 894 3934 amore,
923 3855 963 3919 de
992 3853 1082 3920 donis
1106 3861 1139 3919 et

112 3965 229 4050 gratia,
252 3965 293 4031 (16
315 3966 389 4042 fine,
413 3966 566 4030 derebus
587 3966 778 4051 expetendis
799 3975 831 4032 et
851 3966 1013 4052 fugiendis
1025 3963 1046 4026 3)
1062 3972 1138 4030 cett.

1305 4095 1335 4152 Ι

1275 4153 1335 4280 ᾖ

1335 4343 1359 4473 ,
