2734 4554
305 1161 328 1230 ¹)
346 1161 433 1216 Natus
452 1167 495 1214 est
513 1160 547 1214 Ol
566 1161 637 1228 109‚³
656 1159 731 1230 μηνὸς
749 1161 911 1230 Γαμηλιῶνος
930 1159 1040 1230 ἐβδόμῃς
1064 1168 1154 1215 utrum
1172 1169 1268 1217 autem

237 1263 329 1300 mense
349 1247 491 1300 Decembri
515 1246 580 1299 anni
598 1247 649 1301 342
672 1245 706 1299 ad
729 1245 810 1300 finam
833 1253 959 1314 vergente
981 1263 1017 1300 an
1039 1247 1170 1302 Januario
1197 1249 1269 1301 anni

236 1335 285 1386 341
305 1333 356 1385 hoc
373 1331 473 1384 iactum
488 1331 530 1397 sit,
550 1330 691 1399 dijudicari
715 1347 769 1384 non
793 1338 890 1399 potest,
913 1332 986 1398 quod
1012 1347 1126 1400 mensas,
1154 1332 1202 1399 qui
1229 1333 1268 1387 ad

237 1416 441 1487 exaequandum
459 1417 524 1470 solis
543 1422 570 1468 et
581 1415 661 1469 lunae
674 1432 773 1470 annum
785 1417 1017 1470 intercalabantur
1034 1421 1118 1486 (μῆνες
1131 1414 1269 1487 ἐμβόλιμοι

237 1504 293 1557 sire
311 1501 488 1571 ἐμβολιμαῖοι),
507 1517 561 1554 non
585 1516 619 1553 ex
632 1501 728 1555 ordine
750 1501 833 1554 inseri
858 1501 987 1555 solebant.
1030 1501 1069 1556 Cf.
1092 1501 1269 1556 Boeckhii

240 1589 312 1653 „Zur
330 1586 493 1641 Geschichte
511 1586 559 1640 der
572 1585 754 1654 Mondcyklen
774 1587 822 1640 der
834 1587 991 1645 Hellcnen“,
1013 1587 1046 1640 E.
1059 1587 1269 1642 Muellerum

237 1690 280 1741 ap.
299 1672 459 1740 Paulyum
479 1687 499 1725 s.
524 1689 547 1724 v.
573 1675 646 1740 anni,
670 1661 880 1726 Mommsenii
905 1671 1118 1739 „Heortologie“.
1164 1675 1269 1728 Omnes

236 1759 318 1826 igitur
340 1757 386 1825 qui
408 1764 455 1811 aut
477 1772 578 1810 annum
600 1757 652 1812 342
675 1757 728 1810 aut'
744 1757 794 1810 341
821 1757 938 1810 natalem
962 1757 1064 1826 dicunt,
1087 1758 1191 1812 incerta
1214 1775 1268 1826 pro

237 1845 317 1898 cartis
336 1849 467 1898 statuunt.

308 1931 331 1997 ²)
349 1929 389 1983 Cl'.
408 1928 433 1980 X
452 1929 485 1982 26
503 1934 530 1982 et
548 1929 589 1980 27.
609 1926 665 1980 cod.
685 1927 856 1980 Monacensis
883 1927 992 1981 exhibet
1015 1927 1075 1996 πρὸς
1099 1929 1155 1987 τοὺς
1181 1946 1269 1998 τετρα.

239 2014 345 2072 soson.
381 2013 434 2066 Sed
454 2013 498 2066 hic
517 2013 584 2066 liber
602 2012 800 2078 manuscriptus
818 2027 872 2064 nou
894 2013 1008 2066 multum
1026 2012 1090 2066 fidei
1109 2013 1181 2075 iacit,
1202 2029 1267 2068 cunr

239 2099 349 2153 nimium
368 2114 449 2166 saepe
468 2106 586 2151 monstra
605 2097 725 2150 lectionis
743 2097 881 2165 praebeat,
900 2113 987 2173 neque
1005 2101 1033 2151 in
1047 2114 1139 2153 eorum
1152 2114 1268 2154 numero

240 2191 282 2238 est
301 2183 450 2250 habendus,
469 2184 503 2236 ad
522 2199 589 2250 quos
607 2199 652 2236 ars
675 2183 702 2236 in
720 2183 829 2237 Laertio
853 2183 945 2238 critica
968 2191 1009 2236 est
1032 2185 1180 2254 dirigenda,
1198 2184 1270 2238 Bur-

242 2271 367 2324 bonicum
386 2271 445 2323 dico
465 2278 492 2322 et
509 2269 720 2322 laurentianum
739 2269 805 2336 plut.
825 2271 867 2338 69,
885 2271 926 2322 35.

308 2355 331 2422 3)
350 2355 382 2406 In
412 2355 484 2420 orbe,
513 2354 559 2420 qui
586 2362 704 2413 vocatur,
732 2355 872 2408 doctrinae
898 2370 914 2407 a
940 2351 1069 2422 Paulyo
1092 2354 1164 2408 edito
1191 2359 1220 2408 et
1239 2357 1271 2410 in

241 2439 448 2504 Ueberwegii
466 2439 577 2492 historia
602 2439 787 2508 philosophiae
815 2437 985 2492 nominantur
1008 2438 1117 2507 Epicuri
1142 2439 1204 2493 libri
1234 2441 1271 2494 de

240 2527 321 2580 sectis
340 2525 418 2579 etde
437 2525 544 2592 plantis,
574 2524 654 2579 Unde
666 2532 785 2592 apparet,
800 2525 897 2578 lectum
910 2539 970 2577 esse
986 2524 1049 2592 ,περὶ
1069 2522 1191 2592 alpicum,
1211 2527 1271 2594 περὶ

241 2613 342 2680 φυτῶν,’
362 2611 526 2678 quodetiam
544 2611 747 2663 Ambrosius
766 2616 793 2662 et
810 2608 1086 2662 aldobrandinns
1103 2610 1273 2677 interpreta-

240 2695 358 2751 tionibus
377 2697 433 2750 suis
453 2703 652 2762 expresserunt.
689 2695 742 2748 Sed
759 2695 829 2748 inter
848 2695 897 2747 has
915 2694 983 2747 duas
1010 2694 1157 2761 particulas
1176 2702 1272 2750 exstat

239 2783 267 2835 in
285 2781 361 2835 libris
379 2797 440 2849 mss,
460 2781 505 2848 qui
524 2788 652 2833 notantur
674 2779 860 2848 signisRRR‚
883 2787 965 2846 atque
988 2779 1016 2832 in
1041 2779 1117 2833 codd.
1142 2780 1271 2849 Venetis,

240 2867 462 2934 Cantabrigiensi‚
490 2865 674 2919 Arundeliano
698 2864 764 2928 ,καὶῆ
809 2864 869 2930 Qua
899 2865 1089 2933 conjunctione
1120 2865 1270 2936 indicatur,

240 2953 358 3005 membra
376 2952 520 3006 cohaerere
538 2966 683 3017 eorumque
707 2949 916 3018 significationes
938 2951 1010 3002 inter
1033 2966 1062 3004 se
1084 2966 1145 3004 esse
1163 2967 1272 3007 amom-

241 3037 396 3091 modandas.
434 3037 576 3105 Scriptura
603 3052 665 3089 vero
688 3036 823 3089 levissime
845 3036 883 3088 ita
901 3043 1012 3105 mutata,
1037 3046 1067 3089 ut
1090 3038 1195 3105 legatur
1217 3056 1273 3108 pro

242 3122 342 3188 ,φυτῶν
356 3145 362 3174 2
376 3125 469 3191 φυγῶν,
483 3123 618 3176 sententia
631 3121 748 3174 efficitur
760 3121 906 3188 aptissima.
938 3121 1099 3190 Saepissime
1112 3123 1182 3177 enim
1194 3129 1273 3194 apud

244 3206 459 3273 Diogenem—ut
477 3207 585 3261 silentio
598 3213 764 3275 praeteream
782 3206 851 3258 alios
869 3207 915 3272 qui
927 3208 980 3260 huc
999 3215 1122 3275 spectant
1139 3208 1224 3263 libros
1238 3242 1275 3251 -

241 3289 342 3359 αἱρέσεις
361 3298 388 3346 et
407 3293 481 3360 φυγαὶ
499 3295 671 3362 copulantur,
689 3309 711 3345 r.
729 3292 754 3344 X
772 3291 814 3352 30,
832 3293 874 3362 34,
897 3291 1016 3360 37,117,
1042 3294 1099 3359 198,
1127 3295 1185 3354 129,
1210 3297 1272 3361 132,

242 3379 298 3432 133.
338 3379 458 3437 Accedit.
479 3379 550 3446 quod
569 3395 623 3432 nou
642 3379 721 3432 aliter
738 3393 769 3432 ac
787 3383 879 3431 nostro
897 3378 956 3432 loco
974 3379 1043 3432 liber
1066 3379 1099 3432 de
1118 3378 1172 3433 fine
1186 3380 1274 3446 juxta

242 3464 343 3531 scripta
361 3464 394 3517 de
412 3464 453 3525 iis,
473 3481 541 3532 quae
560 3465 674 3517 vitemus
693 3470 720 3516 et
738 3469 930 3532 consectemur,
948 3463 964 3534 ᾗ
980 3465 1029 3518 136
1047 3465 1196 3519 collocatus
1217 3475 1273 3522 est.

242 3549 337 3615 ltaque
356 3549 404 3603 illa
422 3551 541 3608 mutatio,
566 3566 644 3617 quam
664 3547 818 3602 (lassandus
837 3549 901 3602 fecit
923 3558 950 3603 et
968 3549 1110 3619 Menagius
1134 3551 1274 3622 probavit,

242 3636 395 3688 necessaria
413 3650 473 3688 esse
486 3643 567 3702 atque
585 3636 648 3688 illac
667 3635 880 3688 enumerationes
899 3635 1072 3704 corrigendae
1091 3635 1225 3692 videntur.

309 3721 332 3783 4)
350 3720 532 3774 Harleaius
550 3729 577 3774 et
596 3721 758 3783 Buhlaus,
783 3721 855 3788 quod
877 3721 972 3784 sciam,
999 3722 1051 3775 soli
1082 3721 1115 3774 de
1140 3720 1196 3775 fide
1221 3725 1275 3778 ad-

241 3803 407 3860 dubitarunt.

309 3893 331 3956 5)
350 3890 594 3945 Nietzsclreus:
627 3891 767 3960 „Beitrage
789 3907 838 3944 aur
861 3891 1067 3958 Quelleulmnde
1094 3891 1150 3945 und
1173 3893 1276 3950 Kritik

241 3973 289 4028 des
307 3975 468 4030 Laertius
486 3977 687 4045 Diogenes:u
726 3976 791 4041 „Bei
815 3978 902 4030 einem
920 3977 1124 4042 Schriitsteller,
1151 3976 1200 4032 der
1218 3980 1275 4035 wie
