2734 4554
576 340 611 401 ll

77 564 165 608 mam
188 539 399 625 docebant,²⁷)
423 553 454 607 et
478 565 537 628 ego
554 547 690 628 primam
705 527 859 610 tractabo.
899 546 980 612 Cum
995 555 1104 612 autem

77 656 178 720 animi
201 661 318 719 natura
340 661 372 721 et
395 677 490 720 causa
513 657 675 738 cogitandi
698 655 867 741 incognitis
891 665 1018 723 caetera
1040 682 1103 723 non

78 767 157 830 satis
180 768 423 851 perspiciantur,
454 767 542 830 initio
571 769 673 852 qualis
702 767 843 852 Epicuro
866 769 1017 833 videatur
1038 771 1104 834 ani·

79 898 162 960 mus,
184 885 252 941 tum
274 877 542 962 quemadmodum
557 897 707 942 sensnum
727 885 759 943 et
781 881 896 944 mentis
919 882 1104 947 affectiones

79 989 266 1072 gignantur,
289 989 513 1074 explicabitur.
1032 987 1036 995 “

170 1100 306 1164 Animus
341 1107 389 1164 est
424 1103 565 1185 corporis
599 1123 672 1186 pars
715 1112 747 1169 et
779 1106 847 1190 ipse
865 1102 1104 1188 corporeusllll

80 1213 223 1296 alioquin
250 1233 310 1276 neo
340 1213 446 1277 facere
477 1234 536 1276 nec
570 1215 637 1294 pati
669 1216 841 1300 quidquam
869 1211 1036 1300 posset32⁹l
1059 1223 1104 1279 te-

81 1324 243 1406 nuissimis
270 1324 415 1408 partibus
444 1331 583 1405 constat,
613 1332 648 1389 ut
677 1347 694 1390 e
724 1347 857 1418 corpore
886 1327 1052 1390 discedens
1075 1326 1104 1391 ei
1133 1412 1135 1416 ,

80 1435 162 1498 nihil
184 1435 350 1519 gravitatis
378 1436 521 1516 auferat,
545 1436 647 1502 calido
677 1439 802 1521 spiritui
830 1437 1017 1515 simillimus,
1048 1438 1104 1502 sed

80 1547 181 1631 longe
203 1547 345 1610 tenerior
360 1569 419 1631 per
434 1553 536 1610 totum
552 1569 667 1631 corpus
684 1549 905 1612 disseminatus
929 1555 978 1612 est
999 1570 1104 1634 neque

81 1659 145 1722 nisi
167 1659 198 1722 in
226 1674 375 1741 corpore,
405 1679 467 1742 qno
489 1659 718 1741 circumdatur,
747 1659 916 1724 facultates
942 1682 1015 1724 snas
1041 1683 1105 1724 ser·

81 1779 148 1834 vat.
194 1767 301 1832 Animi
335 1775 443 1852 partes
464 1770 657 1852 Lucretius,
675 1767 918 1846 Plutarchus³⁰l,
949 1771 1105 1836 Stobaeus

83 1881 271 1946 describunt
297 1881 356 1943 sic:
383 1881 479 1953 calor,
508 1901 574 1962 aer,
608 1888 723 1944 ventus
750 1902 808 1965 per
835 1903 950 1966 corpus
979 1884 1106 1952 dissitus

83 1998 143 2074 est,
166 1989 289 2056 accedit
312 1998 426 2075 quarta
448 2012 522 2073 pars
537 1992 653 2055 mentis
668 1993 715 2056 vis
731 1995 900 2077 quaedam,
925 2017 1007 2079 quae
1023 2015 1107 2060 sum-

83 2124 140 2166 ma
162 2103 303 2166 omnium
326 2103 482 2166 tenuitate
507 2110 563 2183 est,
595 2104 731 2167 nominis
754 2125 884 2190 expers,
917 2127 955 2170 ea
977 2128 1036 2191 per
1058 2129 1107 2170 ar-

82 2222 136 2278 tus
159 2213 240 2277 didit
262 2213 434 2278 sensiferos
456 2220 561 2277 motus
589 2220 621 2276 et
649 2220 697 2278 est
725 2216 850 2280 animae
879 2217 1106 2300 qnasianima.

83 2326 221 2389 Animus
244 2331 353 2388 autem
382 2325 433 2388 vel
461 2327 550 2400 ratio,
582 2346 686 2401 mens,
722 2326 902 2416 intellectus
936 2329 967 2391 in
1001 2329 1107 2392 medio

83 2444 218 2523 pectore
234 2437 312 2501 situs
328 2441 390 2516 est;
413 2435 440 2498 is
451 2436 547 2499 sentit
566 2441 598 2500 et
618 2437 747 2520 cogitat,
777 2439 803 2501 is
831 2445 938 2534 movet
960 2419 1108 2524 regitque

86 2549 227 2612 animam
250 2553 357 2611 mente
380 2568 444 2611 non
467 2547 646 2630 praeditam
670 2553 703 2611 et
725 2547 766 2612 ad
782 2550 879 2612 vitam
895 2549 1110 2616 dominantior

87 2665 145 2723 est.
191 2657 327 2722 Animus
361 2664 394 2722 et
428 2658 534 2722 anima
567 2659 740 2741 conjuncta
773 2665 847 2722 sunt
882 2666 977 2744 atque
1011 2685 1109 2728 unam

85 2775 234 2834 naturam
257 2790 300 2833 ex
322 2789 356 2832 se
372 2769 549 2833 conficiunt.
589 2769 654 2832 Per
677 2791 827 2834 sensuum
850 2772 995 2836 membra
1011 2779 1107 2860 atque

86 2887 195 2946 mente
216 2881 286 2965 ipsa
308 2901 360 2944 res
383 2886 534 2943 externas
549 2880 760 2963 percipimus.
812 2879 931 2944 Sensus
961 2882 1109 2948 bifariam

89 2993 216 3073 dicitur,
240 2997 274 3055 et
295 2992 541 3056 instrumentum
558 2990 624 3053 sive
648 2991 694 3054 vis
710 2991 869 3055 sentiendi
893 2992 1109 3081 (αἰσθητήριον)

90 3109 123 3166 et
144 3123 196 3166 res
211 3108 366 3186 percepta
382 3100 579 3182 (ἑπαὶσθησις,
596 3101 792 3188 ἐπαίσθημα).
830 3103 923 3166 Mens
939 3110 971 3168 et
985 3107 1109 3170 animus

89 3235 207 3298 graece
230 3203 350 3276 διάνοια
371 3213 528 3277 nominari
551 3209 684 3276 solet³¹l

173 3325 325 3388 Afficitur
358 3332 466 3387 autem
494 3323 618 3386 animus
646 3323 742 3387 rebus
773 3325 832 3388 hoc
863 3322 931 3388 fere
955 3326 1109 3392 m0d0:³²l

90 3436 119 3500 A
136 3434 233 3500 rebus
247 3436 417 3500 mittuntur
440 3455 562 3498 summo
580 3432 619 3497 de
644 3454 777 3516 corpore
798 3436 889 3518 quasi
904 3437 1110 3504 membranae

92 3546 258 3631 dereptae,
281 3567 364 3630 quae
387 3545 528 3630 speciem
547 3565 584 3607 ac
600 3544 735 3610 formam
759 3545 839 3628 ejus,
864 3547 957 3630 cnjus
980 3549 1020 3612 de
1043 3570 1111 3613 ccr-

89 3677 168 3742 pore
196 3663 365 3740 vagantur,
396 3648 514 3738 gerunt
543 3662 575 3718 et
598 3655 653 3717 diu
674 3653 860 3722 servant³³l
904 3656 994 3730 Quae
1017 3661 1112 3726 simu-

90 3770 179 3834 lacra
194 3791 213 3834 e
228 3770 318 3832 tenui
340 3774 456 3840 natura
471 3771 626 3847 constant,
651 3762 746 3829 facile
763 3772 795 3829 et
811 3766 960 3834 celeriter
975 3771 1112 3856 gignun.

90 3889 153 3964 tur,
174 3887 334 3966 perpetuo
357 3886 390 3943 et
411 3900 535 3943 summa
557 3877 733 3941 mobilitate
764 3877 913 3944 feruntur
934 3902 994 3966 per
1016 3884 1112 3951 inane

90 3997 124 4056 et
152 4013 272 4073 aerem,
309 3991 421 4074 ,multa
457 3989 559 4054 modis
597 3987 703 4053 multis
741 3987 774 4050 in
811 3999 941 4066 cunctas
969 4000 1112 4086 undique
