2734 4554
620 294 868 443 ’,ῆι-Α

257 575 337 633 esse,
360 559 395 615 ut
418 551 527 615 videre
558 572 731 635 possemus,
760 574 881 627 manus,
911 557 946 616 ιιι
972 550 1096 629 facere,
1125 571 1210 635 quae
1241 551 1284 615 ad

258 666 355 728 vitam
376 664 449 727 usui
463 672 544 740 sunt.
584 661 671 726 Nihil
687 664 772 728 enim
788 671 836 728 est
850 669 969 742 natum,
991 669 1027 724 ιιι
1042 662 1089 725 uti
1104 683 1283 746 possemus.

257 774 314 838 sed
337 774 421 858 quod
437 780 544 837 natum
561 781 617 854 est,
641 774 673 836 id
690 780 838 857 procreat
853 795 960 853 usum3
984 795 1048 836 non
1069 780 1285 857 praepostera

258 887 363 950 omnia
385 886 550 950 reddenda
572 894 655 961 sunt,
686 885 820 958 effectus
851 906 915 948 non
940 883 1185 948 confundendus
1209 906 1285 948 eum

258 1019 364 1060 causa.
376 995 425 1074 107)

342 1109 455 1191 Itaque
479 1108 530 1170 dei
559 1108 668 1170 mundi
691 1114 911 1190 procreatores
940 1129 1003 1170 non
1034 1113 1116 1170 sunt.
1162 1105 1299 1191 Neque

258 1226 364 1282 tamen
378 1217 453 1283 deos
466 1239 535 1282 esse
548 1221 660 1301 negari
673 1225 785 1303 potest.
816 1217 847 1282 N
849 1240 900 1280 am
913 1219 946 1281 in
960 1219 1102 1281 omnium
1114 1219 1282 1281 hominum

257 1331 369 1394 animis
391 1331 460 1414 ipsa
487 1338 602 1393 natura
626 1329 759 1392 deorum
782 1349 892 1393 sensus
915 1329 1086 1413 impressit,
1109 1337 1144 1391 ιιι
1167 1349 1281 1392 omnes

258 1449 370 1524 gentes
410 1447 442 1504 et
483 1461 604 1522 genera
642 1442 805 1504 hominurn
850 1442 918 1504 sine
959 1437 1103 1503 doctrina
1140 1439 1285 1504 habeant

258 1553 391 1616 deorum
414 1552 683 1634 anticipationem.

344 1663 488 1727 Deorum
510 1664 667 1745 imagines
691 1661 836 1725 humanis
861 1662 969 1724 formis
988 1661 1176 1743 simillimae,
1202 1685 1284 1748 quas

257 1776 362 1838 animo
386 1775 540 1856 vigilante
564 1781 596 1837 et
618 1774 721 1856 magis
743 1773 775 1834 in
799 1794 908 1836 somno
930 1771 1085 1853 videmus,
1109 1781 1183 1838 sunt
1199 1767 1282 1839 adeo

256 1893 380 1965 tenues
414 1893 449 1948 ιιι
482 1886 550 1949 sola
583 1892 701 1956 menta
733 1905 796 1947 non
830 1886 929 1948 oculis
963 1886 1052 1948 cerni
1085 1885 1283 1968 possint;¹⁰⁸)

196 1977 198 1982 ι
257 1995 401 2061 defluunt
424 1996 521 2078 igitur
543 1997 737 2078 corporibus,
761 2017 843 2080 quae
866 1996 1040 2059 tenerrima
1064 2010 1096 2058 et
1119 1999 1284 2062 rarissima

257 2114 370 2170 natura
387 2107 505 2171 debent
521 2129 590 2171 esse
602 2106 648 2185 109)
668 2115 704 2170 -ct
725 2107 817 2170 sedes
834 2107 949 2170 nostris
965 2107 1094 2170 sedibus
1112 2106 1284 2174 dissimiles

258 2217 392 2298 habere3
417 2218 563 2282 habitant
586 2220 670 2282 enim
693 2219 745 2282 dei
768 2219 801 2282 in
823 2219 937 2282 mediis
968 2217 1159 2282 mundorum
1182 2221 1284 2284 inter-

256 2329 357 2409 vallis,
381 2351 463 2412 quae
486 2330 702 2394 intermundia
725 2331 937 2414 appellantur.
950 2329 998 2408 ¹¹⁰)

342 2442 557 2506 Praenotione
580 2442 678 2524 igitur
701 2441 830 2504 adducti
853 2442 930 2504 deos
958 2448 993 2504 ut
1016 2461 1086 2504 esse
1110 2441 1283 2524 eredimus,

258 2553 302 2614 ita
325 2553 420 2615 etiam
444 2553 554 2616 beatos
583 2560 679 2635 atque
708 2553 902 2616 immortales
931 2533 1174 2636 cogitamusffl)
1222 2554 1285 2618 Be-

258 2663 380 2728 atitudo
405 2663 538 2726 deorum
560 2671 608 2726 est
631 2685 763 2743 summa,
794 2665 888 2728 nullis
917 2664 1178 2746 occupationibus
1208 2673 1286 2728 sunt

258 2774 412 2856 impliciti,
437 2775 524 2838 nulla
547 2795 645 2857 opera
660 2776 842 2855 moliuntur,
867 2797 925 2838 sua
940 2775 1097 2857 sapientia
1113 2780 1145 2836 et
1160 2776 1284 2839 virtute

242 2873 410 2964 'gaudent
435 2885 555 2948 habent
571 2885 783 2968 exploratum,
808 2887 877 2950 fore
900 2907 935 2948 se.
956 2906 1053 2968 quum
1077 2885 1109 2946 in
1132 2885 1286 2950 maximis

258 3001 326 3057 tum
362 2996 394 3058 in
432 2989 569 3059 aeternis
610 2995 895 3080 voluptatibus.¹¹²)
952 2993 1089 3070 Quodsi,
1124 2995 1286 3080 quidquid

259 3107 397 3186 excellit,
427 3107 524 3170 habet
553 3109 673 3191 justam
704 3111 953 3181 venerationem,
984 3128 1055 3170 oum
1085 3107 1206 3189 pictate
1231 3107 1287 3171 dei

259 3208 384 3280 colendi
400 3238 574 3300 eorumque
591 3217 729 3301 dignitas
753 3226 785 3282 et
808 3221 959 3304 majestas
975 3219 1007 3283 in
1024 3219 1170 3284 omnibus
1185 3217 1286 3282 rebus

258 3328 416 3390 servanda
440 3336 496 3392 est.
542 3328 585 3392 Et
607 3329 766 3413 Epicurus
789 3332 890 3394 socios
906 3333 1050 3406 hortatus
1067 3336 1124 3410 est,
1149 3337 1183 3393 ut
1207 3331 1286 3393 ritui

259 3437 515 3515 interessent.¹¹³)

344 3549 563 3633 Quaecunque
581 3551 654 3614 huic
668 3551 822 3630 felicitati,
839 3561 872 3618 et
890 3555 1072 3638 aeternitati
1089 3563 1285 3638 repugnant,

259 3661 300 3724 ad
323 3661 399 3724 deos
415 3662 604 3744 applicanda
618 3671 778 3745 nonaum,
794 3666 937 3748 putanda
958 3667 1124 3730 concinna.
1165 3666 1284 3750 ltaque

259 3792 318 3834 nec
341 3771 460 3834 habent
482 3772 542 3856 ipsi
558 3774 680 3854 negotii
696 3774 880 3858 quidquam,
896 3784 931 3840 ut
946 3798 1043 3861 supra
1056 3777 1285 3855 demonstravi,

260 3903 318 3946 nee
341 3884 496 3946 exhibent
519 3883 622 3963 alteri,
647 3905 707 3955 nec
730 3887 778 3948 ira
802 3893 952 3951 tenentur
975 3909 1035 3951 nec
1059 3887 1173 3970 gratia,
1197 3889 1286 3972 quod

259 4014 341 4077 quae
364 3995 449 4074 talia,
475 3993 634 4058 imbecilla
658 4005 764 4060 esseut
787 3998 960 4077 omnia.¹¹⁴)
1005 3995 1074 4062 Nisi
1097 4018 1173 4062 vero
1197 4001 1286 4088 omni
