2734 4554
652 325 857 420 „3⁶-

240 535 313 592 sunt
344 527 516 593 luxuriosis
551 529 725 594 efficientia
758 531 967 611 voluptatum,
999 528 1177 592 liberarent
1211 548 1266 590 eos

241 638 436 718 caelestium,
453 641 570 716 mortis,
586 641 732 706 dolorum
747 649 836 706 metu
853 640 1071 722 docerentque
1087 640 1265 722 quiessent

242 749 319 814 fines
342 750 563 833 cupiditatum,
586 753 664 816 nihil
680 751 884 824 haberemus,
907 751 993 835 quod
1008 749 1265 834 reprehendere-

242 881 320 942 mus,
344 883 416 926 oum
440 862 581 946 undique
605 865 843 948 complerentur
873 863 1090 947 voluptatibus
1118 883 1178 925 nec
1210 861 1268 924 ha-

242 971 355 1036 berent
378 973 444 1036 ulla
467 995 509 1040 ex
533 980 624 1057 parte
647 974 768 1058 aliquid
803 981 859 1038 aut
892 973 1005 1037 dolens
1033 980 1089 1036 aut
1117 993 1265 1056 aegrum,

241 1083 271 1148 id
302 1089 350 1148 ost
379 1091 487 1148 autom
521 1086 649 1150 malum.
694 1086 789 1149 Nunc
821 1107 899 1148 vero
932 1084 1048 1147 multas
1081 1084 1267 1166 voluptates

242 1195 446 1279 consequitur
470 1195 569 1274 dolor,
592 1198 662 1260 fluit
678 1198 825 1280 voluptas
840 1197 982 1278 corporis
998 1201 1030 1258 et
1045 1196 1149 1279 prima
1165 1214 1264 1278 quae-

241 1325 301 1390 que
318 1306 425 1370 avolat
444 1308 635 1391 saepiusque
651 1307 803 1391 relinquit
819 1327 946 1371 causam
963 1305 1148 1390 paenitendi
1165 1325 1265 1390 quam

241 1416 438 1480 recordandi.
484 1417 582 1500 Ergo,
606 1439 679 1482 eum
713 1440 776 1482 non
809 1419 955 1500 singulae
985 1418 1178 1499 voluptates
1208 1414 1267 1478 sed

242 1527 337 1590 totius
361 1530 445 1594 vitae
470 1529 604 1594 beatitas
633 1529 817 1612 expetenda
845 1530 894 1603 sit,
929 1529 1049 1591 multas
1080 1528 1265 1610 voluptates

241 1639 542 1720 praetermittimus,
567 1640 593 1702 si
616 1641 719 1724 major
735 1646 924 1724 sequeretur
954 1639 1108 1712 molestia,
1133 1647 1166 1702 et
1182 1637 1266 1726 mul-

238 1758 287 1812 tos
311 1748 436 1813 dolores
459 1751 656 1833 suscipimus,
688 1772 730 1814 ex
753 1747 868 1834 quibus
891 1751 963 1834 plus
992 1749 1165 1832 voluptatis
1196 1748 1266 1811 effi·

239 1857 386 1938 oitur.¹⁹⁴)
431 1861 674 1925 Deliberatione
702 1862 800 1944 igitur
829 1867 993 1945 opuscul,
1022 1866 1059 1948 ut
1087 1860 1182 1923 utiles
1212 1880 1266 1922 res

238 1991 370 2042 secusne
394 1971 456 2036 sint
479 1968 739 2055 dijudicetur.¹²⁵)
778 1971 913 2056 Semper
936 1965 1012 2035 vero
1036 1972 1192 2056 optimum
1217 1977 1266 2033 est

239 2081 359 2144 versari
383 2081 413 2144 in
438 2081 555 2146 doloris
570 2084 751 2146 vacuitate:
773 2084 852 2146 haec
869 2061 997 2146 demum
1020 2090 1068 2146 est
1082 2083 1266 2157 firmissima

239 2201 270 2254 et
296 2193 549 2258 constantissima
570 2195 729 2278 voluptas.
775 2194 879 2268 Quam
913 2194 1049 2258 assecuti
1082 2192 1162 2254 nihil
1193 2192 1266 2274 jam

242 2301 470 2380 ‹lt·sideramus,
507 2304 647 2368 contenti
681 2327 810 2385 sumus,
845 2305 1019 2369 felicissimi
1047 2305 1158 2386 igitur3
1194 2310 1266 2366 tum

239 2413 385 2498 voluptas
401 2415 518 2478 variari
541 2414 758 2500 distinguique
774 2423 888 2501 potest,
913 2418 1025 2500 augeri
1058 2413 1266 2498 amplificari-

238 2543 299 2608 que
324 2545 386 2588 non
403 2531 515 2606 potest.
555 2525 759 2611 Quapropter
782 2527 852 2591 finis
869 2527 1102 2610 magnitudinis
1113 2525 1264 2608 volupta-

238 2643 305 2698 tum
342 2635 443 2700 onrnis
482 2635 599 2700 doloris
635 2613 772 2721 privatio
806 2645 864 2702 est.
920 2637 1029 2720 Hujus
1063 2635 1264 2708 indolentiae

236 2735 426 2830 (ἀταραξίκς)
471 2743 612 2812 felicitas
642 2757 774 2832 paratur
808 2750 944 2812 sanitate
981 2748 1123 2831 corporis
1162 2751 1264 2829 atque

237 2855 333 2920 animi
362 2857 602 2942 tranquillitate.
648 2859 762 2942 ltaque
786 2858 932 2923 omnibus
965 2860 998 2920 in
1025 2858 1122 2921 rebus
1149 2855 1185 2920 id
1214 2862 1265 2919 est

240 2965 410 3048 argentium,
435 2973 470 3032 ut
485 2989 600 3054 corpus
622 2971 690 3034 sine
707 2970 816 3034 dolore
840 2970 881 3032 sit
902 2976 934 3032 et
957 2969 1081 3032 animus
1102 2969 1174 3032 sine
1189 2989 1265 3050 per-

237 3075 486 3146 turbationa¹²⁶t
531 3079 687 3153 Quocirca
714 3079 879 3142 vitandum
908 3086 956 3143 est
984 3078 1139 3162 imprimis
1174 3078 1265 3161 quod

237 3187 276 3252 alr
311 3189 509 3254 naturalibus
543 3190 709 3254 desideriis
742 3191 903 3254 abhorret.
956 3189 1157 3272 cupiditates
1192 3189 1264 3252 sive

237 3299 399 3382 appetitus
434 3301 550 3384 partim
584 3301 703 3384 depelli
735 3302 852 3384 partim
884 3298 968 3364 finiri
1001 3299 1129 3362 debent.
1176 3299 1263 3364 Sunt

238 3409 323 3472 onim
345 3409 427 3474 aliae
451 3411 623 3478 naturales.
657 3412 741 3476 aliae
769 3412 898 3490 inanes3
932 3411 1126 3474 naturalium
1149 3417 1265 3473 autem

238 3517 319 3584 aliae
343 3521 542 3586 necessariae
566 3531 599 3585 et
622 3543 679 3586 eae
703 3521 834 3605 quidem
862 3522 904 3586 ad
925 3520 1113 3585 felicitatem
1140 3522 1264 3584 sanita-

239 3639 369 3716 temque
392 3633 535 3715 eorporis
557 3645 654 3717 atque
677 3633 718 3696 ad
741 3634 843 3716 ipsam
870 3634 978 3708 vitam,
1007 3633 1091 3694 aliae
1113 3637 1190 3694 sunt
1213 3653 1264 3695 so-

239 3742 305 3808 lata
327 3742 503 3820 naturalem
536 3743 588 3808 rel
610 3751 645 3806 ut
667 3744 730 3807 alio
753 3744 823 3807 loco
845 3743 965 3806 dirimit
986 3742 1157 3825 Epicurus,
1186 3751 1265 3806 suut

238 3855 400 3922 naturales
423 3861 456 3917 et
479 3855 689 3922 necessariae.
713 3875 796 3937 quae
818 3855 952 3916 satiatae
975 3852 1120 3916 dolorem
1143 3853 1264 3916 trallunt

238 3978 272 4030 at
294 3981 388 4054 potus
410 3965 494 4030 sitim
509 3964 612 4030 satiat.
635 3965 797 4028 naturales
813 3972 846 4027 et
861 3985 923 4026 non
947 3963 1159 4040 necessariae,
1175 3984 1263 4046 quae
