<?xml version="1.0" encoding="UTF-8"?>
<!DOCTYPE html PUBLIC "-//W3C//DTD XHTML 1.0 Transitional//EN"
    "http://www.w3.org/TR/xhtml1/DTD/xhtml1-transitional.dtd">
<html xmlns="http://www.w3.org/1999/xhtml" xml:lang="en" lang="en">
 <head>
  <title>
</title>
<meta http-equiv="Content-Type" content="text/html;charset=utf-8" />
  <meta name='ocr-system' content='tesseract 3.04.00' />
  <meta name='ocr-capabilities' content='ocr_page ocr_carea ocr_par ocr_line ocrx_word'/>
</head>
<body>
  <div class='ocr_page' id='page_1' title='image "./dephilosophiaep00pachgoog_0033.png"; bbox 0 0 2734 4554; ppageno 0'>
   <div class='ocr_carea' id='block_1_1' title="bbox 186 327 1260 4060">
    <p class='ocr_par' dir='ltr' id='par_1_1' title="bbox 705 327 846 391">
     <span class='ocr_line' id='line_1_1' title="bbox 705 327 846 391; baseline 0.021 -3"><span class='ocrx_word' id='word_1_1' title='bbox 705 327 747 391; x_wconf 83' lang='lat'>30</span> <span class='ocrx_word' id='word_1_2' title='bbox 843 349 846 353; x_wconf 89' lang='lat'>·</span> 
     </span>
    </p>

    <p class='ocr_par' dir='ltr' id='par_1_2' title="bbox 186 529 1253 1620">
     <span class='ocr_line' id='line_1_2' title="bbox 218 529 1252 618; baseline -0.006 -20"><span class='ocrx_word' id='word_1_3' title='bbox 218 536 328 599; x_wconf 91' lang='lat' dir='ltr'>dinum</span> <span class='ocrx_word' id='word_1_4' title='bbox 350 536 473 618; x_wconf 87' lang='lat' dir='ltr'>impetu</span> <span class='ocrx_word' id='word_1_5' title='bbox 497 539 529 596; x_wconf 92' lang='lat' dir='ltr'>et</span> <span class='ocrx_word' id='word_1_6' title='bbox 551 556 570 598; x_wconf 91' lang='lat' dir='ltr'>a</span> <span class='ocrx_word' id='word_1_7' title='bbox 593 533 799 597; x_wconf 84' lang='lat' dir='ltr'>formidinum</span> <span class='ocrx_word' id='word_1_8' title='bbox 829 540 952 595; x_wconf 89' lang='lat' dir='ltr'>terrore</span> <span class='ocrx_word' id='word_1_9' title='bbox 976 529 1116 593; x_wconf 87' lang='lat' dir='ltr'>vindicet</span> <span class='ocrx_word' id='word_1_10' title='bbox 1139 535 1171 594; x_wconf 90' lang='lat' dir='ltr'>et</span> <span class='ocrx_word' id='word_1_11' title='bbox 1196 530 1252 614; x_wconf 92' lang='lat' dir='ltr'>ip-</span> 
     </span>
     <span class='ocr_line' id='line_1_3' title="bbox 218 643 1253 726; baseline -0.007 -15"><span class='ocrx_word' id='word_1_12' title='bbox 218 650 281 711; x_wconf 88' lang='lat' dir='ltr'>sius</span> <span class='ocrx_word' id='word_1_13' title='bbox 316 650 462 710; x_wconf 81' lang='lat' dir='ltr'><strong>fortunae</strong></span> <span class='ocrx_word' id='word_1_14' title='bbox 495 645 620 709; x_wconf 89' lang='lat' dir='ltr'>modico</span> <span class='ocrx_word' id='word_1_15' title='bbox 655 646 740 709; x_wconf 86' lang='lat' dir='ltr'>ferre</span> <span class='ocrx_word' id='word_1_16' title='bbox 771 644 885 708; x_wconf 86' lang='lat' dir='ltr'>doceat</span> <span class='ocrx_word' id='word_1_17' title='bbox 912 643 1046 726; x_wconf 90' lang='lat' dir='ltr'>injurias</span> <span class='ocrx_word' id='word_1_18' title='bbox 1075 649 1107 705; x_wconf 91' lang='lat' dir='ltr'>et</span> <span class='ocrx_word' id='word_1_19' title='bbox 1129 663 1253 706; x_wconf 88' lang='lat' dir='ltr'>omnes</span> 
     </span>
     <span class='ocr_line' id='line_1_4' title="bbox 217 753 1252 854; baseline -0.005 -32"><span class='ocrx_word' id='word_1_20' title='bbox 217 764 371 822; x_wconf 87' lang='lat' dir='ltr'>monstrat</span> <span class='ocrx_word' id='word_1_21' title='bbox 393 755 471 854; x_wconf 70' lang='lat' dir='ltr'>vias,</span> <span class='ocrx_word' id='word_1_22' title='bbox 502 777 585 840; x_wconf 88' lang='lat' dir='ltr'>quae</span> <span class='ocrx_word' id='word_1_23' title='bbox 616 757 657 820; x_wconf 89' lang='lat' dir='ltr'>ad</span> <span class='ocrx_word' id='word_1_24' title='bbox 681 758 822 840; x_wconf 89' lang='lat' dir='ltr'>quietem</span> <span class='ocrx_word' id='word_1_25' title='bbox 853 762 885 819; x_wconf 89' lang='lat' dir='ltr'>et</span> <span class='ocrx_word' id='word_1_26' title='bbox 906 753 1172 837; x_wconf 75' lang='lat' dir='ltr'>tranquillitatem</span> <span class='ocrx_word' id='word_1_27' title='bbox 1197 754 1252 818; x_wconf 82' lang='lat' dir='ltr'>fe-</span> 
     </span>
     <span class='ocr_line' id='line_1_5' title="bbox 186 865 1252 954; baseline -0.006 -20"><span class='ocrx_word' id='word_1_28' title='bbox 186 927 189 934; x_wconf 92' lang='lat'><em>.</em></span> <span class='ocrx_word' id='word_1_29' title='bbox 217 876 298 949; x_wconf 84' lang='lat' dir='ltr'>rant,</span> <span class='ocrx_word' id='word_1_30' title='bbox 328 868 404 954; x_wconf 93' lang='lat' dir='ltr'>quid</span> <span class='ocrx_word' id='word_1_31' title='bbox 433 876 481 932; x_wconf 89' lang='lat' dir='ltr'>est</span> <span class='ocrx_word' id='word_1_32' title='bbox 504 889 561 930; x_wconf 89' lang='lat' dir='ltr'>cur</span> <span class='ocrx_word' id='word_1_33' title='bbox 583 867 767 930; x_wconf 82' lang='lat' dir='ltr'>dubitemus</span> <span class='ocrx_word' id='word_1_34' title='bbox 787 865 912 945; x_wconf 80' lang='lat' dir='ltr'>dicere,</span> <span class='ocrx_word' id='word_1_35' title='bbox 946 866 1136 948; x_wconf 79' lang='lat' dir='ltr'>sapientiam</span> <span class='ocrx_word' id='word_1_36' title='bbox 1169 887 1252 930; x_wconf 89' lang='lat' dir='ltr'>con-</span> 
     </span>
     <span class='ocr_line' id='line_1_6' title="bbox 217 965 1252 1064; baseline -0.003 -21"><span class='ocrx_word' id='word_1_37' title='bbox 217 980 406 1064; x_wconf 88' lang='lat' dir='ltr'>quirendam</span> <span class='ocrx_word' id='word_1_38' title='bbox 428 985 561 1063; x_wconf 87' lang='lat' dir='ltr'>propter</span> <span class='ocrx_word' id='word_1_39' title='bbox 588 965 795 1062; x_wconf 87' lang='lat' dir='ltr'>voluptatem,</span> <span class='ocrx_word' id='word_1_40' title='bbox 825 985 957 1061; x_wconf 89' lang='lat' dir='ltr'>propter</span> <span class='ocrx_word' id='word_1_41' title='bbox 985 977 1164 1040; x_wconf 79' lang='lat' dir='ltr'>molestiam</span> <span class='ocrx_word' id='word_1_42' title='bbox 1193 977 1252 1040; x_wconf 86' lang='lat' dir='ltr'>fu·-</span> 
     </span>
     <span class='ocr_line' id='line_1_7' title="bbox 216 1087 1249 1174; baseline -0.001 -22"><span class='ocrx_word' id='word_1_43' title='bbox 216 1090 368 1174; x_wconf 88' lang='lat' dir='ltr'>giendam</span> <span class='ocrx_word' id='word_1_44' title='bbox 401 1111 470 1153; x_wconf 87' lang='lat' dir='ltr'>esse</span> <span class='ocrx_word' id='word_1_45' title='bbox 503 1090 755 1173; x_wconf 79' lang='lat' dir='ltr'>insipientiam?</span> <span class='ocrx_word' id='word_1_46' title='bbox 805 1089 920 1172; x_wconf 90' lang='lat' dir='ltr'>Itaque</span> <span class='ocrx_word' id='word_1_47' title='bbox 954 1087 1022 1151; x_wconf 89' lang='lat' dir='ltr'>reri</span> <span class='ocrx_word' id='word_1_48' title='bbox 1063 1087 1249 1170; x_wconf 81' lang='lat' dir='ltr'>indagandi</span> 
     </span>
     <span class='ocr_line' id='line_1_8' title="bbox 217 1189 1247 1284; baseline -0.003 -18"><span class='ocrx_word' id='word_1_49' title='bbox 217 1202 317 1266; x_wconf 91' lang='lat' dir='ltr'>omnis</span> <span class='ocrx_word' id='word_1_50' title='bbox 334 1201 491 1284; x_wconf 78' lang='lat' dir='ltr'>cupiditas</span> <span class='ocrx_word' id='word_1_51' title='bbox 502 1199 571 1263; x_wconf 89' lang='lat' dir='ltr'>fluit</span> <span class='ocrx_word' id='word_1_52' title='bbox 588 1221 629 1263; x_wconf 87' lang='lat' dir='ltr'>ax</span> <span class='ocrx_word' id='word_1_53' title='bbox 651 1201 824 1283; x_wconf 84' lang='lat' dir='ltr'>voluptatis</span> <span class='ocrx_word' id='word_1_54' title='bbox 843 1199 958 1278; x_wconf 72' lang='lat' dir='ltr'>studio,</span> <span class='ocrx_word' id='word_1_55' title='bbox 977 1199 1009 1262; x_wconf 91' lang='lat' dir='ltr'>id</span> <span class='ocrx_word' id='word_1_56' title='bbox 1032 1206 1137 1262; x_wconf 87' lang='lat' dir='ltr'>estex</span> <span class='ocrx_word' id='word_1_57' title='bbox 1154 1189 1247 1263; x_wconf 84' lang='lat' dir='ltr'>utili·</span> 
     </span>
     <span class='ocr_line' id='line_1_9' title="bbox 217 1311 1246 1396; baseline -0.001 -20"><span class='ocrx_word' id='word_1_58' title='bbox 217 1321 292 1376; x_wconf 87' lang='lat' dir='ltr'>tate.</span> <span class='ocrx_word' id='word_1_59' title='bbox 338 1314 446 1396; x_wconf 89' lang='lat' dir='ltr'>Atque</span> <span class='ocrx_word' id='word_1_60' title='bbox 484 1319 622 1396; x_wconf 85' lang='lat' dir='ltr'>augetur</span> <span class='ocrx_word' id='word_1_61' title='bbox 660 1313 790 1374; x_wconf 90' lang='lat' dir='ltr'>scientia</span> <span class='ocrx_word' id='word_1_62' title='bbox 827 1311 868 1374; x_wconf 89' lang='lat' dir='ltr'>ad</span> <span class='ocrx_word' id='word_1_63' title='bbox 905 1311 1017 1374; x_wconf 87' lang='lat' dir='ltr'>melius</span> <span class='ocrx_word' id='word_1_64' title='bbox 1053 1311 1246 1375; x_wconf 82' lang='lat' dir='ltr'>vivendum.</span> 
     </span>
     <span class='ocr_line' id='line_1_10' title="bbox 216 1399 1247 1507; baseline -0.003 -20"><span class='ocrx_word' id='word_1_65' title='bbox 216 1424 330 1507; x_wconf 88' lang='lat' dir='ltr'>Neque</span> <span class='ocrx_word' id='word_1_66' title='bbox 353 1424 419 1486; x_wconf 84' lang='lat' dir='ltr'>ulla</span> <span class='ocrx_word' id='word_1_67' title='bbox 443 1431 491 1486; x_wconf 88' lang='lat' dir='ltr'>est</span> <span class='ocrx_word' id='word_1_68' title='bbox 514 1399 660 1500; x_wconf 84' lang='lat' dir='ltr'>eruditi0,</span> <span class='ocrx_word' id='word_1_69' title='bbox 684 1423 744 1485; x_wconf 91' lang='lat' dir='ltr'>nisi</span> <span class='ocrx_word' id='word_1_70' title='bbox 768 1443 850 1506; x_wconf 87' lang='lat' dir='ltr'>quae</span> <span class='ocrx_word' id='word_1_71' title='bbox 868 1409 983 1485; x_wconf 82' lang='lat' dir='ltr'>beatae</span> <span class='ocrx_word' id='word_1_72' title='bbox 998 1422 1084 1485; x_wconf 83' lang='lat' dir='ltr'>vitae</span> <span class='ocrx_word' id='word_1_73' title='bbox 1102 1421 1247 1506; x_wconf 81' lang='lat' dir='ltr'>discipli-</span> 
     </span>
     <span class='ocr_line' id='line_1_11' title="bbox 216 1535 645 1620; baseline -0.012 -22"><span class='ocrx_word' id='word_1_74' title='bbox 216 1555 290 1598; x_wconf 86' lang='lat' dir='ltr'>nam</span> <span class='ocrx_word' id='word_1_75' title='bbox 309 1535 412 1617; x_wconf 88' lang='lat' dir='ltr'>juvat.</span> <span class='ocrx_word' id='word_1_76' title='bbox 642 1609 645 1620; x_wconf 27' lang='lat' dir='ltr'><em>s</em></span> 
     </span>
    </p>

    <p class='ocr_par' dir='ltr' id='par_1_3' title="bbox 212 1645 1260 4060">
     <span class='ocr_line' id='line_1_12' title="bbox 302 1645 1248 1738; baseline 0 -30"><span class='ocrx_word' id='word_1_77' title='bbox 302 1645 401 1708; x_wconf 77' lang='lat' dir='ltr'>&#39;lotus</span> <span class='ocrx_word' id='word_1_78' title='bbox 424 1645 522 1726; x_wconf 84' lang='lat' dir='ltr'>igitur</span> <span class='ocrx_word' id='word_1_79' title='bbox 543 1653 712 1709; x_wconf 80' lang='lat' dir='ltr'>enervatae</span> <span class='ocrx_word' id='word_1_80' title='bbox 728 1645 891 1738; x_wconf 84' lang='lat' dir='ltr'>doctrinae</span> <span class='ocrx_word' id='word_1_81' title='bbox 915 1646 969 1708; x_wconf 88' lang='lat' dir='ltr'>illc</span> <span class='ocrx_word' id='word_1_82' title='bbox 994 1645 1148 1721; x_wconf 87' lang='lat' dir='ltr'>cumulus,</span> <span class='ocrx_word' id='word_1_83' title='bbox 1174 1667 1248 1708; x_wconf 88' lang='lat' dir='ltr'>orn·</span> 
     </span>
     <span class='ocr_line' id='line_1_13' title="bbox 215 1753 1248 1840; baseline -0.002 -20"><span class='ocrx_word' id='word_1_84' title='bbox 215 1757 278 1833; x_wconf 87' lang='lat' dir='ltr'>nia‚</span> <span class='ocrx_word' id='word_1_85' title='bbox 302 1776 385 1840; x_wconf 88' lang='lat' dir='ltr'>quae</span> <span class='ocrx_word' id='word_1_86' title='bbox 409 1777 481 1818; x_wconf 92' lang='lat' dir='ltr'>cum</span> <span class='ocrx_word' id='word_1_87' title='bbox 505 1755 745 1840; x_wconf 86' lang='lat' dir='ltr'>didiceritquis</span> <span class='ocrx_word' id='word_1_88' title='bbox 767 1755 846 1819; x_wconf 91' lang='lat' dir='ltr'>nihil</span> <span class='ocrx_word' id='word_1_89' title='bbox 869 1757 957 1833; x_wconf 86' lang='lat' dir='ltr'>sciat,</span> <span class='ocrx_word' id='word_1_90' title='bbox 981 1776 1146 1823; x_wconf 83' lang='lat' dir='ltr'>removere</span> <span class='ocrx_word' id='word_1_91' title='bbox 1165 1753 1248 1839; x_wconf 79' lang='lat' dir='ltr'>Epi-</span> 
     </span>
     <span class='ocr_line' id='line_1_14' title="bbox 215 1867 1249 1949; baseline 0 -19"><span class='ocrx_word' id='word_1_92' title='bbox 215 1889 309 1930; x_wconf 82' lang='lat' dir='ltr'>curus</span> <span class='ocrx_word' id='word_1_93' title='bbox 332 1867 422 1946; x_wconf 83' lang='lat' dir='ltr'>vult3</span> <span class='ocrx_word' id='word_1_94' title='bbox 445 1867 524 1930; x_wconf 92' lang='lat' dir='ltr'>nihil</span> <span class='ocrx_word' id='word_1_95' title='bbox 546 1875 641 1930; x_wconf 89' lang='lat' dir='ltr'>nocet</span> <span class='ocrx_word' id='word_1_96' title='bbox 663 1869 689 1930; x_wconf 90' lang='lat' dir='ltr'>si</span> <span class='ocrx_word' id='word_1_97' title='bbox 711 1869 850 1948; x_wconf 76' lang='lat' dir='ltr'>ignores,</span> <span class='ocrx_word' id='word_1_98' title='bbox 873 1868 1009 1931; x_wconf 76' lang='lat' dir='ltr'>ab&#39;utra</span> <span class='ocrx_word' id='word_1_99' title='bbox 1024 1874 1116 1949; x_wconf 92' lang='lat' dir='ltr'>parte</span> <span class='ocrx_word' id='word_1_100' title='bbox 1139 1867 1249 1931; x_wconf 87' lang='lat' dir='ltr'>fuerit</span> 
     </span>
     <span class='ocr_line' id='line_1_15' title="bbox 216 1979 1247 2072; baseline 0 -30"><span class='ocrx_word' id='word_1_101' title='bbox 216 1979 339 2044; x_wconf 77' lang='lat' dir='ltr'>Hector</span> <span class='ocrx_word' id='word_1_102' title='bbox 361 1986 416 2042; x_wconf 89' lang='lat' dir='ltr'>aut</span> <span class='ocrx_word' id='word_1_103' title='bbox 438 1979 533 2060; x_wconf 91' lang='lat' dir='ltr'>primi</span> <span class='ocrx_word' id='word_1_104' title='bbox 555 1979 610 2061; x_wconf 90' lang='lat' dir='ltr'>qui</span> <span class='ocrx_word' id='word_1_105' title='bbox 633 1981 695 2043; x_wconf 88' lang='lat' dir='ltr'>sint</span> <span class='ocrx_word' id='word_1_106' title='bbox 716 1999 827 2072; x_wconf 86' lang='lat' dir='ltr'>versus</span> <span class='ocrx_word' id='word_1_107' title='bbox 842 1979 978 2051; x_wconf 81' lang='lat' dir='ltr'>Homeri</span> <span class='ocrx_word' id='word_1_108' title='bbox 994 1979 1169 2042; x_wconf 83' lang='lat' dir='ltr'>carminum</span> <span class='ocrx_word' id='word_1_109' title='bbox 1186 1981 1247 2042; x_wconf 83' lang='lat' dir='ltr'>vel</span> 
     </span>
     <span class='ocr_line' id='line_1_16' title="bbox 215 2069 1246 2173; baseline 0.003 -22"><span class='ocrx_word' id='word_1_110' title='bbox 215 2111 297 2173; x_wconf 86' lang='lat' dir='ltr'>quae</span> <span class='ocrx_word' id='word_1_111' title='bbox 320 2089 382 2152; x_wconf 90' lang='lat' dir='ltr'>sint</span> <span class='ocrx_word' id='word_1_112' title='bbox 409 2089 441 2152; x_wconf 95' lang='lat' dir='ltr'>in</span> <span class='ocrx_word' id='word_1_113' title='bbox 471 2089 585 2153; x_wconf 89' lang='lat' dir='ltr'>medio.</span> <span class='ocrx_word' id='word_1_114' title='bbox 631 2069 787 2154; x_wconf 34' lang='lat' dir='ltr'>Maxime*</span> <span class='ocrx_word' id='word_1_115' title='bbox 807 2091 954 2153; x_wconf 90' lang='lat' dir='ltr'>salutaris</span> <span class='ocrx_word' id='word_1_116' title='bbox 988 2097 1036 2154; x_wconf 89' lang='lat' dir='ltr'>est</span> <span class='ocrx_word' id='word_1_117' title='bbox 1069 2110 1246 2155; x_wconf 85' lang='lat' dir='ltr'>causarum</span> 
     </span>
     <span class='ocr_line' id='line_1_17' title="bbox 213 2201 1243 2284; baseline 0.003 -22"><span class='ocrx_word' id='word_1_118' title='bbox 213 2201 438 2284; x_wconf 81' lang='lat' dir='ltr'>principalium</span> <span class='ocrx_word' id='word_1_119' title='bbox 460 2201 610 2282; x_wconf 61' lang='lat' dir='ltr'>cognitio„</span> <span class='ocrx_word' id='word_1_120' title='bbox 640 2208 787 2264; x_wconf 87' lang='lat' dir='ltr'>caeterae</span> <span class='ocrx_word' id='word_1_121' title='bbox 814 2201 1018 2284; x_wconf 86' lang='lat' dir='ltr'>quaestiones</span> <span class='ocrx_word' id='word_1_122' title='bbox 1048 2219 1107 2282; x_wconf 90' lang='lat' dir='ltr'>per</span> <span class='ocrx_word' id='word_1_123' title='bbox 1131 2223 1164 2264; x_wconf 92' lang='lat' dir='ltr'>se</span> <span class='ocrx_word' id='word_1_124' title='bbox 1189 2201 1243 2265; x_wconf 89' lang='lat' dir='ltr'>fe-</span> 
     </span>
     <span class='ocr_line' id='line_1_18' title="bbox 214 2311 1248 2394; baseline 0.003 -21"><span class='ocrx_word' id='word_1_125' title='bbox 214 2312 366 2394; x_wconf 87' lang='lat' dir='ltr'>licitatem</span> <span class='ocrx_word' id='word_1_126' title='bbox 389 2332 453 2374; x_wconf 92' lang='lat' dir='ltr'>non</span> <span class='ocrx_word' id='word_1_127' title='bbox 477 2311 629 2388; x_wconf 85' lang='lat' dir='ltr'>efficiunt,</span> <span class='ocrx_word' id='word_1_128' title='bbox 653 2311 766 2375; x_wconf 91' lang='lat' dir='ltr'>timore</span> <span class='ocrx_word' id='word_1_129' title='bbox 790 2332 853 2375; x_wconf 93' lang='lat' dir='ltr'>non</span> <span class='ocrx_word' id='word_1_130' title='bbox 876 2312 1022 2375; x_wconf 89' lang='lat' dir='ltr'>liberant.</span> <span class='ocrx_word' id='word_1_131' title='bbox 1060 2311 1108 2375; x_wconf 81' lang='lat' dir='ltr'>Of.</span> <span class='ocrx_word' id='word_1_132' title='bbox 1133 2311 1248 2376; x_wconf 86' lang='lat' dir='ltr'>Hera·</span> 
     </span>
     <span class='ocr_line' id='line_1_19' title="bbox 215 2412 1246 2506; baseline 0.002 -21"><span class='ocrx_word' id='word_1_133' title='bbox 215 2424 280 2486; x_wconf 83' lang='lat' dir='ltr'>oliti</span> <span class='ocrx_word' id='word_1_134' title='bbox 302 2423 404 2492; x_wconf 82' lang='lat' dir='ltr'>illud:</span> <span class='ocrx_word' id='word_1_135' title='bbox 429 2421 615 2506; x_wconf 73' lang='grc' dir='ltr'>,πολυμαῦίη</span> <span class='ocrx_word' id='word_1_136' title='bbox 639 2421 705 2484; x_wconf 83' lang='grc' dir='ltr'>νόον</span> <span class='ocrx_word' id='word_1_137' title='bbox 729 2424 762 2483; x_wconf 78' lang='grc' dir='ltr'>οὺ</span> <span class='ocrx_word' id='word_1_138' title='bbox 780 2412 936 2486; x_wconf 75' lang='lat' dir='ltr'>diddouer’.</span> <span class='ocrx_word' id='word_1_139' title='bbox 973 2423 1060 2486; x_wconf 88' lang='lat' dir='ltr'>Num</span> <span class='ocrx_word' id='word_1_140' title='bbox 1074 2444 1151 2486; x_wconf 78' lang='lat' dir='ltr'>vero</span> <span class='ocrx_word' id='word_1_141' title='bbox 1175 2432 1246 2487; x_wconf 80' lang='lat' dir='ltr'>sta·</span> 
     </span>
     <span class='ocr_line' id='line_1_20' title="bbox 214 2533 1243 2617; baseline 0.003 -21"><span class='ocrx_word' id='word_1_142' title='bbox 214 2534 312 2596; x_wconf 87' lang='lat' dir='ltr'>bilitis</span> <span class='ocrx_word' id='word_1_143' title='bbox 335 2534 501 2598; x_wconf 87' lang='lat' dir='ltr'>literarum</span> <span class='ocrx_word' id='word_1_144' title='bbox 524 2533 705 2616; x_wconf 86' lang='lat' dir='ltr'>primordiis</span> <span class='ocrx_word' id='word_1_145' title='bbox 721 2534 999 2616; x_wconf 87' lang='lat' dir='ltr'>investigationem</span> <span class='ocrx_word' id='word_1_146' title='bbox 1015 2535 1111 2617; x_wconf 89' lang='lat' dir='ltr'>plane</span> <span class='ocrx_word' id='word_1_147' title='bbox 1123 2535 1243 2616; x_wconf 77' lang='lat' dir='ltr'>jacere</span> 
     </span>
     <span class='ocr_line' id='line_1_21' title="bbox 213 2643 1241 2728; baseline 0 -20"><span class='ocrx_word' id='word_1_148' title='bbox 213 2645 338 2709; x_wconf 84' lang='lat' dir='ltr'>voluit?</span> <span class='ocrx_word' id='word_1_149' title='bbox 378 2643 539 2708; x_wconf 84' lang='lat' dir='ltr'>Gaudium</span> <span class='ocrx_word' id='word_1_150' title='bbox 561 2645 737 2726; x_wconf 89' lang='lat' dir='ltr'>quaerendi</span> <span class='ocrx_word' id='word_1_151' title='bbox 760 2652 792 2708; x_wconf 86' lang='lat' dir='ltr'>et</span> <span class='ocrx_word' id='word_1_152' title='bbox 814 2645 999 2710; x_wconf 79' lang='lat' dir='ltr'>inveniendi</span> <span class='ocrx_word' id='word_1_153' title='bbox 1021 2646 1241 2728; x_wconf 77' lang='lat' dir='ltr'>contempsit?</span> 
     </span>
     <span class='ocr_line' id='line_1_22' title="bbox 215 2753 1241 2839; baseline 0.004 -21"><span class='ocrx_word' id='word_1_154' title='bbox 215 2756 288 2819; x_wconf 86' lang='lat' dir='ltr'>Non</span> <span class='ocrx_word' id='word_1_155' title='bbox 304 2756 479 2839; x_wconf 86' lang='lat' dir='ltr'>perspexit,</span> <span class='ocrx_word' id='word_1_156' title='bbox 503 2753 638 2817; x_wconf 84' lang='lat' dir='ltr'>hominis</span> <span class='ocrx_word' id='word_1_157' title='bbox 654 2776 722 2818; x_wconf 87' lang='lat' dir='ltr'>esse</span> <span class='ocrx_word' id='word_1_158' title='bbox 746 2755 777 2819; x_wconf 92' lang='lat' dir='ltr'>in</span> <span class='ocrx_word' id='word_1_159' title='bbox 795 2757 927 2838; x_wconf 83' lang='lat' dir='ltr'>singulis</span> <span class='ocrx_word' id='word_1_160' title='bbox 943 2757 1120 2839; x_wconf 85' lang='lat' dir='ltr'>quibusque</span> <span class='ocrx_word' id='word_1_161' title='bbox 1137 2759 1241 2822; x_wconf 88' lang='lat' dir='ltr'>rebus</span> 
     </span>
     <span class='ocr_line' id='line_1_23' title="bbox 214 2865 1244 2950; baseline 0.006 -22"><span class='ocrx_word' id='word_1_162' title='bbox 214 2867 383 2930; x_wconf 88' lang='lat' dir='ltr'>veritatem</span> <span class='ocrx_word' id='word_1_163' title='bbox 413 2866 454 2930; x_wconf 91' lang='lat' dir='ltr'>ad</span> <span class='ocrx_word' id='word_1_164' title='bbox 484 2865 640 2949; x_wconf 92' lang='lat' dir='ltr'>liquidum</span> <span class='ocrx_word' id='word_1_165' title='bbox 668 2867 839 2949; x_wconf 84' lang='lat' dir='ltr'>explorare</span> <span class='ocrx_word' id='word_1_166' title='bbox 868 2866 998 2930; x_wconf 89' lang='lat' dir='ltr'>studere</span> <span class='ocrx_word' id='word_1_167' title='bbox 1026 2888 1130 2950; x_wconf 89' lang='lat' dir='ltr'>neque</span> <span class='ocrx_word' id='word_1_168' title='bbox 1160 2870 1244 2934; x_wconf 89' lang='lat' dir='ltr'>satis</span> 
     </span>
     <span class='ocr_line' id='line_1_24' title="bbox 213 2976 1240 3060; baseline 0.002 -20"><span class='ocrx_word' id='word_1_169' title='bbox 213 2976 333 3040; x_wconf 91' lang='lat' dir='ltr'>habere</span> <span class='ocrx_word' id='word_1_170' title='bbox 356 2977 437 3040; x_wconf 87' lang='lat' dir='ltr'>scire</span> <span class='ocrx_word' id='word_1_171' title='bbox 460 2977 630 3060; x_wconf 90' lang='lat' dir='ltr'>quicquam</span> <span class='ocrx_word' id='word_1_172' title='bbox 652 2977 700 3044; x_wconf 88' lang='lat' dir='ltr'>his</span> <span class='ocrx_word' id='word_1_173' title='bbox 722 2978 775 3041; x_wconf 81' lang='lat' dir='ltr'>rel</span> <span class='ocrx_word' id='word_1_174' title='bbox 803 2977 865 3041; x_wconf 88' lang='lat' dir='ltr'>illis</span> <span class='ocrx_word' id='word_1_175' title='bbox 893 2977 994 3040; x_wconf 90' lang='lat' dir='ltr'>modis</span> <span class='ocrx_word' id='word_1_176' title='bbox 1024 2977 1094 3040; x_wconf 88' lang='lat' dir='ltr'>ficri</span> <span class='ocrx_word' id='word_1_177' title='bbox 1117 2981 1240 3060; x_wconf 76' lang='lat' dir='ltr'>posse?</span> 
     </span>
     <span class='ocr_line' id='line_1_25' title="bbox 214 3069 1260 3172; baseline 0.002 -20"><span class='ocrx_word' id='word_1_178' title='bbox 214 3087 312 3152; x_wconf 89' lang='lat' dir='ltr'>Haud</span> <span class='ocrx_word' id='word_1_179' title='bbox 334 3088 398 3152; x_wconf 88' lang='lat' dir='ltr'>scio</span> <span class='ocrx_word' id='word_1_180' title='bbox 421 3109 459 3150; x_wconf 83' lang='lat' dir='ltr'>an</span> <span class='ocrx_word' id='word_1_181' title='bbox 484 3108 596 3152; x_wconf 84' lang='lat' dir='ltr'>verum</span> <span class='ocrx_word' id='word_1_182' title='bbox 618 3088 658 3151; x_wconf 89' lang='lat' dir='ltr'>sit</span> <span class='ocrx_word' id='word_1_183' title='bbox 686 3088 772 3172; x_wconf 89' lang='lat' dir='ltr'>quod</span> <span class='ocrx_word' id='word_1_184' title='bbox 795 3081 936 3171; x_wconf 87' lang='lat' dir='ltr'>prolapsi</span> <span class='ocrx_word' id='word_1_185' title='bbox 959 3088 990 3151; x_wconf 91' lang='lat' dir='ltr'>in</span> <span class='ocrx_word' id='word_1_186' title='bbox 1012 3089 1091 3151; x_wconf 83' lang='lat' dir='ltr'>vitia</span> <span class='ocrx_word' id='word_1_187' title='bbox 1113 3069 1260 3154; x_wconf 18' lang='lat' dir='ltr'>saeculi*</span> 
     </span>
     <span class='ocr_line' id='line_1_26' title="bbox 214 3198 1240 3282; baseline 0.004 -20"><span class='ocrx_word' id='word_1_188' title='bbox 214 3220 347 3282; x_wconf 85' lang='lat' dir='ltr'>pravam</span> <span class='ocrx_word' id='word_1_189' title='bbox 375 3198 639 3263; x_wconf 89' lang='lat' dir='ltr'>consuetudinem</span> <span class='ocrx_word' id='word_1_190' title='bbox 666 3199 809 3280; x_wconf 87' lang='lat' dir='ltr'>lugebat,</span> <span class='ocrx_word' id='word_1_191' title='bbox 844 3199 917 3262; x_wconf 89' lang='lat' dir='ltr'>ideo</span> <span class='ocrx_word' id='word_1_192' title='bbox 946 3219 1020 3261; x_wconf 90' lang='lat' dir='ltr'>eum</span> <span class='ocrx_word' id='word_1_193' title='bbox 1049 3219 1116 3262; x_wconf 87' lang='lat' dir='ltr'>rem</span> <span class='ocrx_word' id='word_1_194' title='bbox 1145 3221 1240 3266; x_wconf 86' lang='lat' dir='ltr'>snam</span> 
     </span>
     <span class='ocr_line' id='line_1_27' title="bbox 215 3297 1239 3393; baseline 0.003 -20"><span class='ocrx_word' id='word_1_195' title='bbox 215 3311 407 3376; x_wconf 86' lang='lat' dir='ltr'>contrariam</span> <span class='ocrx_word' id='word_1_196' title='bbox 422 3311 539 3374; x_wconf 90' lang='lat' dir='ltr'>ursisse</span> <span class='ocrx_word' id='word_1_197' title='bbox 562 3331 599 3373; x_wconf 90' lang='lat' dir='ltr'>ac</span> <span class='ocrx_word' id='word_1_198' title='bbox 622 3297 738 3392; x_wconf 90' lang='lat' dir='ltr'>magna</span> <span class='ocrx_word' id='word_1_199' title='bbox 754 3330 831 3374; x_wconf 86' lang='lat' dir='ltr'>voce</span> <span class='ocrx_word' id='word_1_200' title='bbox 853 3310 1017 3388; x_wconf 80' lang='lat' dir='ltr'>clamasse,</span> <span class='ocrx_word' id='word_1_201' title='bbox 1042 3311 1239 3393; x_wconf 89' lang='lat' dir='ltr'>principium</span> 
     </span>
     <span class='ocr_line' id='line_1_28' title="bbox 214 3421 1239 3504; baseline 0 -18"><span class='ocrx_word' id='word_1_202' title='bbox 214 3430 246 3486; x_wconf 89' lang='lat' dir='ltr'>et</span> <span class='ocrx_word' id='word_1_203' title='bbox 262 3421 359 3484; x_wconf 89' lang='lat' dir='ltr'>finem</span> <span class='ocrx_word' id='word_1_204' title='bbox 382 3421 534 3486; x_wconf 89' lang='lat' dir='ltr'>scientiae</span> <span class='ocrx_word' id='word_1_205' title='bbox 551 3441 620 3484; x_wconf 88' lang='lat' dir='ltr'>esse</span> <span class='ocrx_word' id='word_1_206' title='bbox 636 3441 748 3484; x_wconf 80' lang='lat' dir='ltr'>veram</span> <span class='ocrx_word' id='word_1_207' title='bbox 763 3422 972 3504; x_wconf 83' lang='lat' dir='ltr'>voluptatem,</span> <span class='ocrx_word' id='word_1_208' title='bbox 995 3441 1239 3502; x_wconf 85' lang='lat' dir='ltr'>supervacanea</span> 
     </span>
     <span class='ocr_line' id='line_1_29' title="bbox 215 3531 1241 3615; baseline -0.001 -19"><span class='ocrx_word' id='word_1_209' title='bbox 215 3532 454 3615; x_wconf 88' lang='lat' dir='ltr'>disciplinarum</span> <span class='ocrx_word' id='word_1_210' title='bbox 470 3551 534 3594; x_wconf 90' lang='lat' dir='ltr'>non</span> <span class='ocrx_word' id='word_1_211' title='bbox 557 3531 785 3611; x_wconf 87' lang='lat' dir='ltr'>essecolenda,</span> <span class='ocrx_word' id='word_1_212' title='bbox 802 3532 897 3615; x_wconf 89' lang='lat' dir='ltr'>longe</span> <span class='ocrx_word' id='word_1_213' title='bbox 921 3532 1026 3614; x_wconf 89' lang='lat' dir='ltr'>potius</span> <span class='ocrx_word' id='word_1_214' title='bbox 1043 3533 1115 3615; x_wconf 89' lang='lat' dir='ltr'>plus</span> <span class='ocrx_word' id='word_1_215' title='bbox 1137 3532 1241 3596; x_wconf 86' lang='lat' dir='ltr'>inter·</span> 
     </span>
     <span class='ocr_line' id='line_1_30' title="bbox 214 3641 1241 3728; baseline 0 -20"><span class='ocrx_word' id='word_1_216' title='bbox 214 3665 293 3724; x_wconf 84' lang='lat' dir='ltr'>esse,</span> <span class='ocrx_word' id='word_1_217' title='bbox 322 3642 425 3726; x_wconf 89' lang='lat' dir='ltr'>qualis</span> <span class='ocrx_word' id='word_1_218' title='bbox 447 3641 488 3705; x_wconf 91' lang='lat' dir='ltr'>sit</span> <span class='ocrx_word' id='word_1_219' title='bbox 506 3642 610 3723; x_wconf 85' lang='lat' dir='ltr'>homo,</span> <span class='ocrx_word' id='word_1_220' title='bbox 634 3663 731 3728; x_wconf 90' lang='lat' dir='ltr'>quarn</span> <span class='ocrx_word' id='word_1_221' title='bbox 754 3663 837 3726; x_wconf 88' lang='lat' dir='ltr'>quae</span> <span class='ocrx_word' id='word_1_222' title='bbox 859 3643 957 3706; x_wconf 82' lang='lat' dir='ltr'>sciat?</span> <span class='ocrx_word' id='word_1_223' title='bbox 977 3681 1012 3690; x_wconf 91' lang='lat'><em>-</em></span> <span class='ocrx_word' id='word_1_224' title='bbox 1031 3641 1138 3722; x_wconf 79' lang='lat' dir='ltr'>,Edita</span> <span class='ocrx_word' id='word_1_225' title='bbox 1161 3643 1241 3708; x_wconf 82' lang='lat' dir='ltr'>doc·</span> 
     </span>
     <span class='ocr_line' id='line_1_31' title="bbox 212 3751 1239 3838; baseline 0 -20"><span class='ocrx_word' id='word_1_226' title='bbox 212 3756 298 3818; x_wconf 89' lang='lat' dir='ltr'>trina</span> <span class='ocrx_word' id='word_1_227' title='bbox 326 3754 508 3838; x_wconf 85' lang='lat' dir='ltr'>sapientum</span> <span class='ocrx_word' id='word_1_228' title='bbox 534 3754 656 3837; x_wconf 87' lang='lat' dir='ltr'>templa</span> <span class='ocrx_word' id='word_1_229' title='bbox 686 3751 809 3818; x_wconf 86' lang='lat' dir='ltr'>serena&#39;</span> <span class='ocrx_word' id='word_1_230' title='bbox 837 3754 864 3817; x_wconf 91' lang='lat' dir='ltr'>si</span> <span class='ocrx_word' id='word_1_231' title='bbox 892 3753 998 3818; x_wconf 87' lang='lat' dir='ltr'>essent</span> <span class='ocrx_word' id='word_1_232' title='bbox 1028 3760 1093 3817; x_wconf 90' lang='lat' dir='ltr'>tarn</span> <span class='ocrx_word' id='word_1_233' title='bbox 1117 3755 1239 3836; x_wconf 69' lang='lat' dir='ltr'>inania,</span> 
     </span>
     <span class='ocr_line' id='line_1_32' title="bbox 212 3863 1240 3948; baseline 0 -20"><span class='ocrx_word' id='word_1_234' title='bbox 212 3865 358 3948; x_wconf 84' lang='lat' dir='ltr'>profecto</span> <span class='ocrx_word' id='word_1_235' title='bbox 380 3885 444 3928; x_wconf 90' lang='lat' dir='ltr'>non</span> <span class='ocrx_word' id='word_1_236' title='bbox 472 3863 564 3929; x_wconf 87' lang='lat' dir='ltr'>sedes</span> <span class='ocrx_word' id='word_1_237' title='bbox 591 3870 700 3928; x_wconf 90' lang='lat' dir='ltr'>tantae</span> <span class='ocrx_word' id='word_1_238' title='bbox 725 3863 935 3947; x_wconf 86' lang='lat' dir='ltr'>jucunditatis</span> <span class='ocrx_word' id='word_1_239' title='bbox 964 3864 1079 3948; x_wconf 85' lang='lat' dir='ltr'>plenae</span> <span class='ocrx_word' id='word_1_240' title='bbox 1108 3865 1240 3948; x_wconf 89' lang='lat' dir='ltr'>praedi·</span> 
     </span>
     <span class='ocr_line' id='line_1_33' title="bbox 213 3973 1238 4060; baseline 0.002 -20"><span class='ocrx_word' id='word_1_241' title='bbox 213 3973 430 4054; x_wconf 80' lang='lat' dir='ltr'>carentur.1³⁶)</span> <span class='ocrx_word' id='word_1_242' title='bbox 473 3975 582 4059; x_wconf 88' lang='lat' dir='ltr'>Atque</span> <span class='ocrx_word' id='word_1_243' title='bbox 611 3976 706 4039; x_wconf 85' lang='lat' dir='ltr'>etiam</span> <span class='ocrx_word' id='word_1_244' title='bbox 737 3976 806 4059; x_wconf 87' lang='lat' dir='ltr'>ipse</span> <span class='ocrx_word' id='word_1_245' title='bbox 830 3975 998 4060; x_wconf 78' lang='lat' dir='ltr'>Epicurus,</span> <span class='ocrx_word' id='word_1_246' title='bbox 1031 3976 1057 4038; x_wconf 94' lang='lat' dir='ltr'>si</span> <span class='ocrx_word' id='word_1_247' title='bbox 1087 3997 1121 4038; x_wconf 92' lang='lat' dir='ltr'>re</span> <span class='ocrx_word' id='word_1_248' title='bbox 1155 3996 1238 4042; x_wconf 79' lang='lat' dir='ltr'>vera</span> 
     </span>
    </p>
   </div>
   <div class='ocr_carea' id='block_1_2' title="bbox 0 0 1372 4551">
    <p class='ocr_par' dir='ltr' id='par_1_4' title="bbox 0 0 1372 4551">
     <span class='ocr_line' id='line_1_34' title="bbox 0 0 1372 4551; baseline 0 0"><span class='ocrx_word' id='word_1_249' title='bbox 0 0 1372 4551; x_wconf 95' lang='lat' dir='ltr'> </span> 
     </span>
    </p>
   </div>
  </div>
 </body>
</html>
