2734 4554
492 336 694 434 -rrw

72 547 224 623 affertur,
249 546 358 610 vinum
381 565 445 610 non
467 543 500 608 vi
522 538 941 625 calefaciendi'praeditum
964 541 1022 614 est,
1045 534 1103 600 sed

72 665 203 723 tantum
225 657 292 720 vini
314 660 462 720 naturam
485 654 639 719 oonoinne
667 652 817 717 affectam
849 649 1026 714 ealefaoere
1048 667 1117 730 po·¹

74 777 151 850 test,
174 774 301 834 tantum
322 768 419 846 aliam
440 765 646 850 refrigerare.
685 764 776 838 Quae
793 761 923 826 deoreta
938 759 979 824 ad
997 759 1104 824 omnia
1154 847 1157 856 Ι

75 881 196 948 referri
212 878 342 960 debent,
366 898 450 970 quae
465 877 626 942 habentur
641 881 674 940 et
690 874 839 939 dieuntur
855 872 970 966 duleis,
995 891 1104 936 amare

74 999 159 1056 eett:
193 991 251 1054 tali
265 1039 269 1043 -
283 988 378 1064 modo
412 985 623 1053 sentientibus
660 981 755 1051 erunt
786 985 874 1066 talia,
907 1004 971 1047 non
1008 977 1120 1046 erunt'

74 1123 142 1168 non
155 1102 204 1167 ita
225 1097 444 1166 sentientibus.
454 1098 491 1165 ⁴⁰)
558 1117 560 1124 ’
915 1169 916 1178 χ
1001 1083 1004 1088 ’

164 1211 285 1278 Sensus
308 1231 404 1295 porro
428 1231 547 1290 omues,
576 1217 612 1274 ut
634 1208 767 1291 Epicuri
790 1208 872 1272 ratio
896 1206 999 1288 doeet,
1023 1205 1106 1271 veri-

76 1325 155 1390 tatis
177 1323 281 1388 nuntii
308 1317 436 1388 sunt.⁴¹)
479 1317 565 1396 Quid
594 1327 643 1385 est
663 1320 773 1402 enim,
802 1319 888 1404 quod
916 1338 1028 1398 sensus
1056 1337 1106 1380 re·

79 1436 197 1502 fellere
231 1433 352 1518 possit?
397 1433 544 1498 Rationis
574 1439 606 1496 et
639 1433 813 1497 memoriae
848 1429 966 1513 singuli
994 1449 1105 1492 sensus

77 1552 234 1629 expertes
249 1550 332 1626 sunt,
348 1565 412 1608 non
429 1543 559 1608 demere
576 1549 632 1608 aut
644 1542 763 1607 addere
777 1543 947 1626 quiequam
962 1541 1107 1624 possunt,

75 1679 143 1721 non
158 1657 258 1740 igitur
272 1661 375 1719 semet
389 1656 475 1740 ipsos
491 1661 623 1739 possunt
638 1653 888 1738 reprehendere.
910 1647 1106 1716 Nee'similis

77 1789 192 1832 sensus
214 1765 351 1832 similem
374 1766 564 1831 oonrinoere
586 1771 700 1850 potest,
724 1771 769 1842 ‚ut
792 1764 875 1828 visus
893 1761 1001 1828 dextri
1023 1761 1107 1826 oeuli

76 1877 184 1942 visum
206 1878 340 1958 sinistri,
363 1883 399 1940 ut
421 1877 514 1942 visus·
530 1877 674 1940 Platonis
697 1873 802 1940 visum
824 1871 974 1940 Socratis‘
998 1871 1108 1950 (adioit

78 1979 199 2064 Geso),
216 1979 366 2064 quoniam
378 1999 437 2064 par
449 1981 616 2065 utriusque
631 1981 679 2044 vis
694 1985 753 2059 est,
768 2000 828 2043 nee
843 1977 1003 2044 dissimilis
1018 1976 1107 2043 dissi·

80 2092 202 2172 milem,
214 2097 250 2154 ut
258 2112 353 2156 aures
364 2093 473 2174 oeulos
482 2091 623 2174 (enarrat
631 2089 735 2173 Due),
745 2089 964 2174 quoniamnon
977 2086 1107 2153 easdem

80 2223 134 2265 res
157 2202 349 2286 percipiunt.
356 2189 391 2268 ⁴²)
424 2200 519 2266 utne
537 2202 618 2266 ratio
634 2201 765 2286 quidem
783 2222 894 2265 sensus
910 2199 1107 2282 redarguere

81 2317 198 2396 potest.
216 2323 219 2332 ’
244 2311 408 2396 Quidquid
424 2313 509 2376 enim
528 2313 634 2379 animo
645 2314 830 2398 effluimus,
848 2312 991 2376 idemne
1007 2291 1108 2376 oritur

82 2445 102 2487 e
124 2423 279 2491 sensibus.
289 2421 323 2486 43)
342 2463 376 2470 -
396 2423 431 2487 Si
454 2424 599 2488 omnibus
614 2425 761 2489 sensibus
776 2399 949 2508 repugnas,
972 2443 1013 2487 ne
1032 2419 1107 2486 illos
1183 2509 1184 2512 Ἴ

83 2533 217 2617 quidem*
238 2555 318 2618 quos
340 2533 437 2598 falsos
468 2555 537 2599 esse
566 2535 687 2602 dixeris
716 2535 850 2601 habebis
879 2555 1030 2618 quorsum
1058 2555 1108 2597 re·

83 2644 220 2712 ferendo
243 2643 418 2728 dijudicem
446 2646 499 2710 rel
529 2647 583 2719 ,nil
611 2647 683 2710 seiri
708 2647 734 2710 si
757 2647 827 2730 quis
849 2641 1009 2729 putet,'id
1032 2665 1108 2728 quo-

83 2775 148 2838 que
171 2756 273 2820 nesoit
296 2776 338 2818 an
359 2757 432 2820 seiri
461 2758 571 2841 possit,
603 2759 753 2842 quoniam
782 2757 828 2821 nil
855 2757 936 2828 seire
966 2753 1106 2820 fatetur'.

82 2903 124 2912 --
139 2867 315 2930 Praeterea
330 2866 457 2931 sublata
472 2868 655 2950 cognitione
671 2876 704 2932 et
719 2867 853 2932 seientia
867 2865 990 2930 tollitur
1006 2867 1109 2932 omnis

83 2977 166 3042 ratio
189 2983 222 3042 et
242 2977 327 3042 vitae
351 2977 519 3074 degendae
543 2983 576 3042 et
598 3000 707 3044 rerum
729 2976 960 3062 gerendarum,
983 2977 1109 3060 quaerit

83 3087 139 3152 ille
162 3087 356 3172 Epicureus:
387 3087 556 3172 ,quomodo
579 3110 643 3153 non
666 3087 699 3151 in
721 3095 864 3154 montem
886 3087 953 3152 abit
976 3107 1108 3152 currens

84 3199 140 3264 ille
169 3200 224 3282 qui
250 3199 466 3266 assensionem
489 3201 628 3283 cohibet,
661 3199 719 3266 sed
749 3200 782 3264 in
810 3199 982 3264 balneum?
1017 3208 1050 3265 st
1076 3201 1109 3264 in

84 3310 190 3375 forum
212 3329 440 3393 progressurus
469 3331 534 3374 non
563 3309 606 3374 ad
628 3307 793 3395 parietem,
823 3311 880 3375 sed
907 3312 949 3377 ad
974 3313 1109 3397 januam

85 3418 244 3486 aeeeditt'
294 3418 383 3502 Ergo
417 3420 477 3483 soli
510 3441 621 3485 sensus
656 3440 767 3486 ansam
800 3423 869 3485 veri
902 3423 1110 3508 examinandi

86 3529 165 3596 dant
197 3550 354 3614 sensaque
383 3528 424 3593 ab
453 3531 550 3596 rebus
578 3533 658 3597 haee
692 3533 762 3616 ipsa
790 3533 1004 3598 effieientibus
1037 3554 1110 3620 pro-

85 3641 281 3721 ficiscuntur,
303 3662 386 3726 quae
409 3643 469 3707 nisi
492 3643 678 3720 existerent,
702 3649 738 3706 ut
760 3643 919 3720 videntur,
943 3665 1006 3709 non
1021 3643 1108 3708 ride-

85 3757 199 3816 rentur
220 3750 311 3815 tales.
355 3750 606 3836 Imaginationes
634 3775 761 3838 quoque
791 3754 975 3820 insanorum
1003 3762 1036 3820 et
1062 3757 1111 3820 in·

86 3864 210 3927 somnia
224 3873 302 3927 vera
317 3869 400 3937 sunt,
423 3865 499 3944 quia
515 3871 654 3947 movent,
677 3886 741 3929 non
760 3876 868 3930 autem
883 3872 1000 3942 movet,
1023 3866 1109 3952 quod

86 3995 151 4042 non
174 3971 277 4041 est.⁴²)
