2734 4554
759 333 799 396 12

674 417 878 430 ...u—...0—

265 535 436 622 partes.’³⁴)
471 536 603 602 Talibus
625 537 925 622 imaginibusoouli
948 543 1189 622 tanguntur-
1213 543 1291 619 ,tae-

265 656 317 713 tus
346 650 442 728 enirn,
470 655 575 713 tactus
603 656 652 713 est
674 649 816 729 eorporis
844 645 965 716 sensus'
991 683 1027 694 -
1053 654 1090 712 ut
1112 647 1290 713 videamus.

266 759 432 834 Quaedam
467 780 542 824 vero
571 760 742 825 simulacra
764 759 846 824 adeo
881 766 975 824 textu
1003 765 1170 824 amenuota
1204 766 1288 839 sunt,

263 880 301 936 ut
322 873 425 936 risum
446 871 605 936 lacessere
623 892 688 936 non
710 872 846 955 possint,
871 877 903 935 st
925 871 1006 935 haec
1025 869 1154 954 quidem
1179 877 1289 934 mente

267 981 451 1061 cernuntur,
483 987 515 1046 et
543 1003 616 1046 cum
645 982 815 1065 vigilamus
844 989 877 1049 et
904 1003 977 1046 cum
1005 1002 1116 1046 somno
1144 981 1292 1046 membra

253 1093 397 1178 ,profusa
425 1101 508 1158 sunt.
554 1092 637 1156 Cum
664 1093 768 1175 longis
796 1092 973 1176 interjectis
1001 1092 1180 1157 intervallis
1208 1093 1291 1156 haec

266 1203 371 1281 ,idola’
395 1204 438 1268 ad
458 1226 515 1268 nos
538 1204 684 1285 affluunt,
714 1204 808 1268 facile
833 1203 1022 1267 deteruntur
1045 1209 1078 1267 et
1105 1201 1290 1267 laeduntur.

263 1315 432 1380 Interdum
455 1317 551 1380 etiam
574 1315 607 1379 in
630 1311 715 1379 auris
730 1316 815 1378 inter
830 1335 865 1378 se
877 1315 1071 1398 junguntur,
1093 1314 1139 1378 ita
1153 1319 1190 1377 ut
1206 1313 1291 1380 Oen-

264 1429 349 1500 tauri
371 1427 513 1510 exempli
528 1404 633 1510 gratia
648 1425 751 1490 forma
767 1427 898 1506 existat3
922 1425 1002 1490 illud
1019 1445 1147 1510 quoque
1170 1431 1230 1507 est,
1253 1433 1292 1488 ut

265 1559 324 1602 sua
345 1545 469 1622 sponte
481 1537 568 1602 fiant.

349 1649 464 1735 Neque
487 1670 564 1714 vero
588 1649 681 1712 aliter
703 1654 800 1732 atque
823 1648 907 1712 oculi
935 1647 1034 1712 nostri
1059 1655 1129 1713 ‘non
1156 1647 1219 1712 nisi
1243 1649 1290 1711 in-

263 1761 345 1825 tenti
368 1768 400 1824 et
422 1738 512 1824 infixi
528 1759 648 1840 vident,
672 1769 756 1842 quae
779 1759 916 1824 subrues
938 1759 1081 1839 veniunt,
1104 1759 1212 1823 animo
1236 1781 1289 1823 res

266 1872 460 1954 percipimus
489 1891 552 1934 non
581 1869 641 1934 nisi
672 1869 867 1934 attendimus
895 1869 1017 1953 aliquid
1047 1889 1090 1934 ex
1122 1870 1171 1950 iis,
1205 1891 1292 1954 quae

265 2003 393 2067 semper
416 1982 570 2046 recedunt
585 2002 605 2045 a
620 1981 806 2064 corporibus
823 1987 856 2045 et
870 1981 1038 2045 celerrime
1062 1989 1289 2045 concrescunt:

263 2096 329 2178 ἅμα
352 2093 481 2178 νοήματι
504 2091 596 2156 adest
618 2091 832 2155 simulacrum.
840 2089 876 2157 ³⁷)

332 2203 462 2269 'Visum
477 2204 633 2268 consimili
649 2203 773 2267 ratione
797 2223 835 2267 ac
850 2209 970 2267 tactum
984 2204 1117 2284 moveri,
1140 2203 1193 2266 vel
1212 2202 1291 2266 inde

260 2314 397 2398 intelligi
426 2320 541 2399 potest,
576 2313 662 2398 quod
689 2335 741 2377 res
774 2313 807 2377 in
835 2314 978 2378 tenebris
1012 2320 1117 2378 tactae
1151 2313 1291 2378 eaedem

264 2431 510 2508 cognoscuntur,
534 2446 616 2510 quae
640 2426 672 2488 in
695 2425 767 2488 luce
791 2421 993 2492 videntur.³³l

328 2515 583 2600 ‘Effluxionibus
611 2535 771 2619 ejusmodi
797 2535 914 2619 reliqui
942 2556 1069 2620 quoque
1100 2556 1213 2610 sensus
1245 2537 1292 2600 fe-

263 2649 399 2727 riuntur,
427 2653 462 2709 ut
484 2647 731 2730 suam'quisque
754 2667 822 2710 rem
844 2647 992 2711 sentiant.
1038 2646 1177 2710 Auditus
1201 2650 1290 2712 enim

264 2759 394 2842 pellitur
422 2758 524 2821 missis
548 2757 678 2821 vocibus
712 2732 883 2841 corporeis,
913 2779 996 2842 qnae
1024 2759 1057 2821 in
1088 2759 1191 2840 spatio
1223 2779 1290 2822 non

263 2870 359 2952 longo
388 2869 534 2934 obtinent
552 2869 764 2950 formaturas,
795 2869 1011 2953 permultum
1040 2875 1149 2932 autem
1178 2874 1291 2932 adrem

166 3027 168 3031 -
263 2980 497 3045 transvolantes
524 2978 780 3061 confunduntur,
814 3001 898 3063 quae
926 2986 1070 3044 ceterum
1103 2979 1136 3043 in
1163 2981 1289 3044 multas

263 3111 357 3154 voces
380 3089 562 3174 diffugiunt.
596 3089 741 3154 ‘Oliactns
763 3090 915 3154 odoribus
930 3112 957 3158 ‚a
970 3091 1087 3154 ¹multis
1109 3090 1207 3155 rebus
1230 3113 1289 3154 ex-

263 3201 378 3265 halatis
404 3207 561 3266 movetur.
606 3201 671 3266 Ore
701 3221 812 3265 sucum
842 3201 913 3265 cibo
940 3200 1123 3266 mandendo
1154 3221 1287 3285 expres·

263 3312 518 3377 sumsentimus.
547 3301 550 3312 ⁴
944 3393 946 3400 ἲ

348 3423 442 3497 Quod
469 3443 546 3486 vero
574 3421 685 3487 sensus
713 3423 784 3498 fieri
811 3431 960 3507 possunt,
995 3424 1067 3507 ejus
1094 3424 1143 3487 rei
1170 3444 1287 3490 causae

264 3541 312 3598 est
355 3533 528 3598 similitudo
573 3555 681 3597 rerum
725 3539 934 3598 externarum
963 3542 1011 3597 et
1052 3535 1152 3599 nostri
1188 3537 1287 3598 animi

264 3640 501 3729 (uppatdsra)³⁹l
544 3633 701 3728 'Denique
727 3630 803 3709 ³oum
835 3645 958 3709 semina
998 3645 1031 3709 in
1067 3645 1163 3710 rebus
1196 3647 1286 3710 varie

267 3755 401 3828 confusa
424 3763 458 3820 et
479 3757 641 3840 permixta
662 3756 735 3832 sint,
758 3755 863 3820 sensio
884 3776 927 3818 ex
949 3756 1118 3841 multiplici
1145 3757 1287 3821 mixtura

262 3866 294 3928 id
310 3867 400 3950 quasi
423 3865 523 3949 eligit,
547 3866 634 3950 qued
656 3867 686 3930 ei
702 3873 750 3930 ost
772 3867 984 3947 conveniens3
1009 3866 1090 3932 alius
1105 3867 1204 3950 igitur
1219 3869 1284 3932 alia

263 3975 408 4060 ejusdem
431 3979 479 4050 rei
495 3978 649 4062 qualitate
664 3977 813 4042 afficitur.
850 3974 974 4061 ltaque,
997 3977 1084 4060 quod
1100 3979 1285 4064 exemplum
