2734 4554
577 303 616 366 21

493 391 697 400 -—.--..--——

173 509 339 574 anlestes
362 515 394 572 et
416 514 528 574 aereas
551 531 602 572 res
625 507 800 572 tenendum
829 512 877 570 est
899 504 1109 586 multiplicem

76 621 208 686 habere
221 621 439 703 generationis
451 639 580 684 causam
587 618 848 702 substantiaeque
861 614 1109 702 explicationem

75 733 121 796 iis
159 733 415 808 convenientem,
446 752 528 815 quae
563 730 649 815 apud
682 752 740 795 nos
774 724 1109 793 animadvertimus.⁹⁹l

79 843 152 916 Qui
177 862 274 906 unam
297 843 395 906 fiendi
418 844 574 924 rationem
595 847 749 924 statuunt,
764 841 926 924 vituperat
940 837 1110 923 Epicurus,

78 953 172 1038 quod
202 953 251 1034 iis,
281 975 363 1038 qnae
392 961 565 1038 apparent,
594 954 794 1017 reluctantur
820 959 916 1036 atque
949 952 1109 1014 humanae

80 1063 320 1150 intelligentiae
360 1066 440 1129 fines
480 1065 656 1144 excedunt3
698 1086 761 1128 non
799 1063 975 1127 secundum
1010 1081 1110 1125 vanas

82 1176 325 1240 enuntiationes
360 1182 392 1239 et
420 1175 551 1239 decreta
583 1175 623 1239 de
645 1184 762 1240 natura
784 1195 854 1239 esse
878 1172 1109 1262 disserendum,

83 1286 147 1351 sed
169 1286 229 1367 ita,
252 1293 288 1351 ut
312 1307 394 1370 quae
424 1285 594 1350 videantur
622 1289 777 1372 flagitent.
823 1285 937 1368 Itaque
967 1289 1055 1348 ortus
1078 1288 1110 1346 ct

83 1418 219 1462 occasus
241 1398 316 1461 solis
330 1404 575 1482 ceterorumque
597 1397 738 1462 siderum
762 1404 794 1461 et
817 1418 875 1480 per
894 1396 1111 1465 incensionem

84 1509 398 1593 exstinctionemque
422 1515 455 1571 et
477 1529 535 1592 per
563 1511 785 1594 apparentiam
814 1501 1128 1592 oppositionemque

82 1619 158 1682 fieri
187 1625 335 1702 possunt3
368 1620 448 1682 nihil
478 1621 561 1683 enim
590 1628 750 1705 repugnat
778 1641 903 1700 eorum,
932 1637 1014 1702 quae
1044 1636 1109 1678 cer-

84 1727 279 1800 nunbur.,¹⁰⁰)

176 1841 365 1925 Magnitudo
387 1842 471 1922 solis,
495 1843 590 1906 lunae
607 1844 811 1927 omniumque
835 1842 999 1905 stellarum
1022 1843 1112 1904 tanta

87 1959 149 2032 est,
173 1959 292 2036 quanta
315 1952 452 2036 videtur,
475 1954 529 2017 vel
543 1955 640 2036 paulo
660 1961 717 2019 aut
739 1953 840 2034 major
863 1958 918 2017 aut
941 1951 1051 2013 minor.
1063 1945 1111 2007 101)

85 2062 197 2126 Etiam
210 2063 250 2127 de
263 2065 697 2142 astrorumccnversionibus,
710 2065 898 2138 defectibus,
916 2060 1112 2138 denubibus,

87 2173 221 2249 tonitru,
234 2174 374 2258 fulgure,
389 2175 532 2255 fulmine,
546 2177 806 2256 terraemotibus,
819 2174 932 2254 ventis,
945 2170 1112 2256 grandine,

88 2285 176 2364 nive,
199 2306 282 2362 rore,
306 2287 431 2370 pruina,
456 2287 570 2370 glacie,
595 2288 725 2350 cometis
753 2287 862 2361 stellis,
892 2283 1113 2368 eruptionibus

86 2395 213 2479 ignium
228 2397 458 2478 Aetnaeorum,
482 2397 548 2461 Nili
564 2398 775 2478 eluvionibus,
798 2397 876 2460 locis
900 2397 1047 2475 Auernis,
1065 2389 1113 2452 ¹⁰2)

89 2505 131 2568 de
154 2504 315 2588 lapidibus
338 2507 544 2590 Magnetibus
568 2509 701 2591 aliisque
730 2514 899 2592 praeterea
927 2507 1024 2570 rebus
1053 2505 1114 2567 dis-

90 2605 213 2699 ciplina
234 2616 396 2701 Epienrea
419 2619 552 2682 exhibet
575 2619 817 2703 explicationes
828 2616 876 2681 ¹⁰³)

176 2725 294 2791 Noster
317 2729 454 2793 mundus
482 2731 646 2812 ceterique
680 2751 800 2810 omnes,
834 2737 870 2793 ut
903 2735 976 2792 sunt
1005 2733 1111 2792 nativo

89 2839 282 2922 mortalique
327 2860 481 2924 corpore,
534 2841 633 2904 exitio
679 2840 839 2904 dabuntur
887 2847 983 2924 atque
1039 2839 1113 2902 novi

90 2949 244 3012 orientur.
254 2946 304 3026 104)

178 3059 269 3124 Haec
292 3065 402 3125 autem
425 3063 531 3126 omnia
553 3069 640 3126 certo
669 3084 706 3126 ac
734 3063 840 3126 stabili
869 3062 980 3125 ordine
1002 3081 1113 3144 proce-

91 3171 182 3250 dunt,
206 3171 362 3249 ἀσείστως,
389 3179 425 3236 ut
455 3175 499 3237 ait
521 3173 695 3256 Epicurus3
730 3174 857 3237 omnino
886 3172 965 3236 nihil
992 3171 1113 3236 validas

90 3281 165 3346 aevi
184 3283 273 3364 leges
297 3284 417 3348 violare
439 3291 553 3367 potest.
561 3282 611 3362 105)

178 3392 251 3456 Hoc
266 3400 410 3475 naturae,
430 3401 463 3458 ut
474 3397 519 3459 ita
534 3394 648 3475 dicam,
665 3393 776 3459 foedus
789 3416 885 3458 causa
901 3401 950 3458 est
961 3395 1112 3470 omnium,

91 3523 175 3587 qnae
200 3511 329 3567 suntet
352 3513 455 3584 erunt,
478 3506 557 3568 nihil
579 3505 666 3568 aliud
682 3506 767 3588 regit
794 3512 849 3569 aut
872 3505 1030 3569 ordinavit
1052 3526 1112 3567 res.

91 3613 219 3678 Natura
241 3614 395 3679 mundum
425 3617 543 3696 effecit,
574 3616 663 3680 nulla
690 3637 790 3698 mens,
818 3626 934 3681 natura
961 3617 1030 3699 ipsa
1057 3635 1114 3679 sua

90 3745 152 3809 per
174 3745 209 3787 se
232 3734 345 3808 sponte
361 3728 467 3790 omnia
489 3728 566 3811 agit,
589 3719 652 3790 n'cn
676 3727 806 3791 consilio
828 3728 984 3810 principia
1006 3746 1113 3789 rerum

88 3838 124 3900 in
146 3836 211 3900 suis
232 3857 266 3900 se
300 3857 446 3922 quaeque
479 3838 556 3902 locis
579 3819 884 3914 collooauerunt.¹⁰⁶)
934 3838 994 3901 llle
1019 3858 1108 3901 error

89 3953 354 4028 praemetueuter
384 3956 431 4012 est
454 3948 610 4027 vitandus,
647 3971 687 4012 ne
721 3949 820 4013 iacias
848 3950 956 4012 oculos
991 3961 1115 4012 creatos
