2734 4554
516 325 717 418 st?

105 535 199 600 dolor
220 552 380 599 summum
397 533 525 596 malum.
533 527 582 610 ¹²⁰)
620 530 683 605 Qui
705 528 840 595 affectus
863 527 1131 612 quemadmodum

103 649 194 722 fiant
222 645 352 710 Lucret
331 653 393 709 trus
420 644 469 708 his
491 643 560 707 fere
588 643 694 707 verbis
723 637 873 706 describit
860 636 943 717 t:¹²¹)
978 646 1043 703 mat
1045 640 1132 703 eriae

105 779 243 842 corpora
281 757 337 820 ubi
370 777 428 839 per
460 756 585 819 viscera
618 755 692 817 viva
726 755 758 816 vi
792 751 931 836 quadam
964 751 1111 815 sollicitat
1066 757 1132 814 τετε

103 870 285 955 trepidant,
315 867 405 932 dolor
433 874 495 947 est,
527 887 599 930 cum
621 866 653 928 in
682 887 740 929 sua
767 883 914 950 quaeque
937 864 1007 927 loca
1024 883 1132 926 rever·

103 989 228 1063 tuntur,
251 981 369 1044 blanda
390 979 426 1043 fit
448 978 605 1061 voluptas.
645 975 856 1058 Voluptatem
878 975 977 1038 solam
998 980 1131 1036 naturae

104 1112 177 1156 esse
215 1091 460 1155 convenientem
505 1085 717 1178 (συγγενικόν),
754 1086 920 1169 exquisitis
957 1082 1132 1148 rationibus

103 1205 235 1268 omnino
258 1223 321 1266 non
346 1204 473 1285 oportet
503 1199 698 1279 confirmari,
727 1199 801 1283 quia
823 1197 883 1261 hoo
905 1197 1073 1270 sentimus,
1098 1201 1132 1258 ut

104 1316 213 1378 calere
246 1315 365 1404 ignem,
396 1312 503 1374 nivem
537 1331 606 1374 esse
632 1310 748 1390 albam,
786 1309 879 1373 dulce
908 1309 981 1371 mel.
1028 1305 1130 1371 Onme

105 1425 193 1489 enim
221 1425 339 1488 animal
368 1423 559 1505 simulatque
583 1427 693 1484 natum
717 1427 766 1484 est
787 1422 985 1503 voluptatem
1007 1419 1131 1503 appetit

105 1557 209 1619 eaque
233 1532 354 1616 gaudet
376 1540 411 1596 ut
439 1533 686 1612 summobono,
715 1527 860 1595 dolorem
887 1536 1077 1614 aspernatur
1100 1536 1132 1592 et

104 1654 260 1731 quantum
276 1651 381 1729 potest
395 1667 415 1708 a
430 1666 463 1708 sc
480 1644 616 1727 repellit,
639 1640 736 1728 idque
760 1643 837 1706 facit
860 1643 1001 1722 nondum
1017 1620 1130 1724 ‹iepra-

104 1765 226 1839 vatum,
249 1758 321 1840 ipsa
349 1762 465 1820 natura
490 1755 674 1838 incorrupte
700 1763 797 1838 atque
819 1756 945 1836 integre
965 1752 1131 1836 judicante

106 1874 251 1954 (φυσικῶς
273 1871 361 1955 χωρὶς
383 1863 556 1955 λόγου),]”)

191 1977 351 2062 Voluptas
374 1999 437 2041 non
461 1978 555 2041 modo
586 1999 625 2041 ea
648 1984 706 2059 est,
735 1998 819 2061 quae
842 1977 999 2040 suavitate
1023 1975 1130 2057 aliqua

103 2109 216 2156 sensns
239 2095 356 2169 movet,
384 2089 562 2153 sedetiam
591 2109 673 2172 quae
701 2089 877 2173 percipitur
907 2087 992 2150 omni
1021 2086 1129 2149 dolore

104 2202 259 2265 detracto.
299 2199 344 2263 Ut
367 2201 451 2267 enim
475 2220 547 2263 cum
570 2200 642 2263 cibo
666 2208 698 2263 et
720 2200 850 2284 potione
873 2198 975 2262 fames
998 2198 1129 2279 sitisque

106 2312 242 2394 depulsa
258 2317 315 2386 est,
331 2311 400 2393 ipsa
416 2310 562 2375 liberatio
579 2311 745 2375 molestiae
762 2297 1020 2373 consecutionem
1036 2301 1129 2371 a'ffert

105 2422 290 2506 voluptatis,
314 2422 358 2486 ita
379 2422 411 2486 in
436 2423 521 2486 omni
549 2443 584 2485 re
608 2421 725 2486 doloris
753 2423 869 2492 amotio
898 2420 1130 2484 successionem

107 2533 207 2598 elficit
229 2528 464 2615 voluptatis.¹²³)
488 2533 570 2595 Tum
593 2535 741 2618 voluptas
763 2534 854 2596 uobis
877 2553 956 2617 opus
978 2539 1035 2607 est,
1059 2551 1130 2594 cum

104 2644 191 2729 quod
215 2665 278 2708 non
302 2643 392 2707 adest
416 2641 576 2723 dolemus3
612 2664 684 2707 cnm
707 2643 825 2727 egendi
852 2644 943 2708 dolor
966 2643 1128 2725 abscessit,

103 2757 238 2839 volupta
219 2761 357 2818 atenon
377 2755 446 2837 jam
468 2753 659 2837 indigemus
706 2754 798 2828 Quod
822 2755 1043 2838 Epicuruset
1074 2775 1128 2817 vo·

104 2868 285 2950 luptatem
298 2885 379 2949 quae
410 2871 459 2928 est
481 2865 513 2928 in
535 2865 929 2948 mou,tstabilitattten1
958 2867 1130 2949 voluptatis
1144 2873 1145 2880 ’

104 2977 229 3042 inducit
216 2981 285 3052 t·('
289 2968 361 3045 δονῆ
383 2975 465 3038 κατὰ
487 2976 599 3045 κίνησιν
622 2983 655 3040 et
670 2975 936 3061 καταστηματική)
953 2998 972 3043 ε
988 2976 1130 3062 (lyrens-

106 3089 175 3166 icis
200 3087 252 3170 qui
270 3093 339 3152 tant
340 3108 394 3150 um
411 3093 656 3171 quaenaturam
679 3094 849 3153 movetsta
831 3095 944 3152 attuun
932 3087 1124 3170 twdissentit

106 3197 172 3264 Sed
195 3198 311 3281 quietis
334 3199 482 3281 voluptas
509 3218 573 3262 non
601 3199 646 3262 ita
673 3197 884 3281 intelligenda
906 3206 963 3278 est,
997 3206 1032 3262 ut
1064 3201 1129 3263 cle-

106 3315 217 3373 menta
238 3310 334 3393 plane
358 3309 521 3392 quiescant
543 3349 583 3358 -
611 3329 775 3394 nunquam
797 3311 882 3374 enim
905 3311 1027 3375 moveri
1050 3311 1130 3375 desi·

106 3425 188 3482 nunt
212 3455 262 3499 —,
286 3419 343 3482 sed
365 3427 401 3482 ut
423 3420 500 3484 nihil
529 3421 698 3504 perturbet
729 3427 916 3485 consuetum
945 3430 1050 3486 motus
1077 3444 1127 3485 or-

107 3530 226 3594 dinem.
824 3603 825 3606 Ἴ

192 3641 291 3704 Nulla
314 3640 430 3704 deinde
445 3641 593 3724 voluptas
616 3663 675 3726 per
690 3664 724 3706 se
747 3650 796 3707 est
811 3645 938 3707 malum.
978 3645 1086 3730 Atque
1102 3647 1128 3709 si

107 3750 211 3817 omnis
227 3757 312 3815 esset
326 3752 472 3835 perfecta
494 3773 599 3836 neque
622 3753 704 3817 ullas
726 3755 888 3819 molestias
911 3756 1052 3839 afferret,
1077 3779 1130 3821 vc·

105 3863 248 3947 luptates
281 3863 364 3927 inter
392 3883 426 3925 se
454 3883 518 3926 non
548 3863 726 3930 differrent.
771 3865 886 3948 Itaque
913 3867 1011 3945 sica,
1046 3889 1129 3951 quae
