<?xml version="1.0" encoding="UTF-8"?>
<!DOCTYPE html PUBLIC "-//W3C//DTD XHTML 1.0 Transitional//EN"
    "http://www.w3.org/TR/xhtml1/DTD/xhtml1-transitional.dtd">
<html xmlns="http://www.w3.org/1999/xhtml" xml:lang="en" lang="en">
 <head>
  <title>
</title>
<meta http-equiv="Content-Type" content="text/html;charset=utf-8" />
  <meta name='ocr-system' content='tesseract 3.04.00' />
  <meta name='ocr-capabilities' content='ocr_page ocr_carea ocr_par ocr_line ocrx_word'/>
</head>
<body>
  <div class='ocr_page' id='page_1' title='image "./dephilosophiaep00pachgoog_0027.png"; bbox 0 0 2734 4554; ppageno 0'>
   <div class='ocr_carea' id='block_1_1' title="bbox 660 318 862 414">
    <p class='ocr_par' dir='ltr' id='par_1_1' title="bbox 660 318 862 414">
     <span class='ocr_line' id='line_1_1' title="bbox 660 318 862 414; baseline 0 -33"><span class='ocrx_word' id='word_1_1' title='bbox 660 318 862 414; x_wconf 41' lang='lat' dir='ltr'>Q</span> 
     </span>
    </p>
   </div>
   <div class='ocr_carea' id='block_1_2' title="bbox 248 519 1273 721">
    <p class='ocr_par' dir='ltr' id='par_1_2' title="bbox 248 519 1273 721">
     <span class='ocr_line' id='line_1_2' title="bbox 248 519 1268 610; baseline 0.004 -24"><span class='ocrx_word' id='word_1_2' title='bbox 248 522 350 603; x_wconf 89' lang='lat' dir='ltr'>minis,</span> <span class='ocrx_word' id='word_1_3' title='bbox 373 521 400 610; x_wconf 88' lang='lat' dir='ltr'>si</span> <span class='ocrx_word' id='word_1_4' title='bbox 423 527 507 584; x_wconf 88' lang='lat' dir='ltr'>essct</span> <span class='ocrx_word' id='word_1_5' title='bbox 529 519 675 601; x_wconf 79' lang='lat' dir='ltr'>deus.¹¹⁶)</span> <span class='ocrx_word' id='word_1_6' title='bbox 720 523 827 597; x_wconf 82' lang='lat' dir='ltr'>Quare</span> <span class='ocrx_word' id='word_1_7' title='bbox 856 525 1115 609; x_wconf 89' lang='lat' dir='ltr'>reprehendendi</span> <span class='ocrx_word' id='word_1_8' title='bbox 1142 533 1216 590; x_wconf 89' lang='lat' dir='ltr'>sunt</span> <span class='ocrx_word' id='word_1_9' title='bbox 1237 529 1268 606; x_wconf 90' lang='lat' dir='ltr'>ii,</span> 
     </span>
     <span class='ocr_line' id='line_1_3' title="bbox 249 632 1273 721; baseline 0.003 -24"><span class='ocrx_word' id='word_1_10' title='bbox 249 633 303 717; x_wconf 92' lang='lat' dir='ltr'>qui</span> <span class='ocrx_word' id='word_1_11' title='bbox 325 632 527 716; x_wconf 80' lang='lat' dir='ltr'>ignoratione</span> <span class='ocrx_word' id='word_1_12' title='bbox 550 651 718 698; x_wconf 87' lang='lat' dir='ltr'>causarum</span> <span class='ocrx_word' id='word_1_13' title='bbox 741 635 819 698; x_wconf 91' lang='lat' dir='ltr'>moti</span> <span class='ocrx_word' id='word_1_14' title='bbox 842 636 884 700; x_wconf 87' lang='lat' dir='ltr'>ad</span> <span class='ocrx_word' id='word_1_15' title='bbox 907 636 984 701; x_wconf 90' lang='lat' dir='ltr'>deos</span> <span class='ocrx_word' id='word_1_16' title='bbox 1006 636 1207 721; x_wconf 86' lang='lat' dir='ltr'>confugiunt,</span> <span class='ocrx_word' id='word_1_17' title='bbox 1237 645 1273 700; x_wconf 89' lang='lat' dir='ltr'>nt</span> 
     </span>
    </p>
   </div>
   <div class='ocr_carea' id='block_1_3' title="bbox 142 743 1271 835">
    <p class='ocr_par' dir='ltr' id='par_1_3' title="bbox 142 743 1271 835">
     <span class='ocr_line' id='line_1_4' title="bbox 142 743 1271 835; baseline 0.004 -28"><span class='ocrx_word' id='word_1_18' title='bbox 142 817 145 822; x_wconf 44' lang='grc'>,</span> <span class='ocrx_word' id='word_1_19' title='bbox 248 743 363 828; x_wconf 77' lang='lat' dir='ltr'>tragici</span> <span class='ocrx_word' id='word_1_20' title='bbox 386 748 512 827; x_wconf 70' lang='lat' dir='ltr'>poetae,</span> <span class='ocrx_word' id='word_1_21' title='bbox 547 765 619 808; x_wconf 93' lang='lat' dir='ltr'>cum</span> <span class='ocrx_word' id='word_1_22' title='bbox 649 745 813 829; x_wconf 84' lang='lat' dir='ltr'>explicare</span> <span class='ocrx_word' id='word_1_23' title='bbox 842 748 1025 830; x_wconf 85' lang='lat' dir='ltr'>argumenti</span> <span class='ocrx_word' id='word_1_24' title='bbox 1056 749 1181 835; x_wconf 86' lang='lat' dir='ltr'>exitum</span> <span class='ocrx_word' id='word_1_25' title='bbox 1208 771 1271 814; x_wconf 91' lang='lat' dir='ltr'>non</span> 
     </span>
    </p>
   </div>
   <div class='ocr_carea' id='block_1_4' title="bbox 246 851 1275 4051">
    <p class='ocr_par' dir='ltr' id='par_1_4' title="bbox 248 851 446 939">
     <span class='ocr_line' id='line_1_5' title="bbox 248 851 446 939; baseline -0.01 -19"><span class='ocrx_word' id='word_1_26' title='bbox 248 851 446 939; x_wconf 76' lang='lat' dir='ltr'>possunt.¹¹²)</span> 
     </span>
    </p>

    <p class='ocr_par' dir='ltr' id='par_1_5' title="bbox 247 965 1275 1600">
     <span class='ocr_line' id='line_1_6' title="bbox 334 965 1273 1054; baseline 0.005 -24"><span class='ocrx_word' id='word_1_27' title='bbox 334 965 455 1030; x_wconf 83' lang='lat' dir='ltr'>Infelix</span> <span class='ocrx_word' id='word_1_28' title='bbox 478 967 598 1031; x_wconf 86' lang='lat' dir='ltr'>factum</span> <span class='ocrx_word' id='word_1_29' title='bbox 621 974 670 1031; x_wconf 90' lang='lat' dir='ltr'>est</span> <span class='ocrx_word' id='word_1_30' title='bbox 691 988 794 1050; x_wconf 86' lang='lat' dir='ltr'>genus</span> <span class='ocrx_word' id='word_1_31' title='bbox 817 969 1002 1051; x_wconf 87' lang='lat' dir='ltr'>humanum,</span> <span class='ocrx_word' id='word_1_32' title='bbox 1031 969 1116 1054; x_wconf 89' lang='lat' dir='ltr'>qnod</span> <span class='ocrx_word' id='word_1_33' title='bbox 1141 971 1199 1035; x_wconf 84' lang='lat' dir='ltr'>hus</span> <span class='ocrx_word' id='word_1_34' title='bbox 1222 992 1273 1034; x_wconf 90' lang='lat' dir='ltr'>res</span> 
     </span>
     <span class='ocr_line' id='line_1_7' title="bbox 249 1077 1274 1164; baseline 0.005 -24"><span class='ocrx_word' id='word_1_35' title='bbox 249 1078 329 1140; x_wconf 87' lang='lat' dir='ltr'>divis</span> <span class='ocrx_word' id='word_1_36' title='bbox 346 1077 465 1155; x_wconf 79' lang='lat' dir='ltr'>tribuit,</span> <span class='ocrx_word' id='word_1_37' title='bbox 489 1078 522 1140; x_wconf 93' lang='lat' dir='ltr'>in</span> <span class='ocrx_word' id='word_1_38' title='bbox 540 1079 684 1160; x_wconf 86' lang='lat' dir='ltr'>vulnera,</span> <span class='ocrx_word' id='word_1_39' title='bbox 708 1081 857 1162; x_wconf 71' lang='lat' dir='ltr'>gemituri,</span> <span class='ocrx_word' id='word_1_40' title='bbox 882 1080 1028 1146; x_wconf 78' lang='lat' dir='ltr'>lacrimas</span> <span class='ocrx_word' id='word_1_41' title='bbox 1051 1082 1274 1164; x_wconf 85' lang='lat' dir='ltr'>maximasque</span> 
     </span>
     <span class='ocr_line' id='line_1_8' title="bbox 248 1188 1274 1277; baseline 0.001 -24"><span class='ocrx_word' id='word_1_42' title='bbox 248 1189 345 1254; x_wconf 90' lang='lat' dir='ltr'>animi</span> <span class='ocrx_word' id='word_1_43' title='bbox 367 1188 607 1271; x_wconf 88' lang='lat' dir='ltr'>pertubationes</span> <span class='ocrx_word' id='word_1_44' title='bbox 629 1191 749 1254; x_wconf 88' lang='lat' dir='ltr'>incidit.</span> <span class='ocrx_word' id='word_1_45' title='bbox 788 1191 1002 1255; x_wconf 86' lang='lat' dir='ltr'>Multitudinis</span> <span class='ocrx_word' id='word_1_46' title='bbox 1024 1192 1124 1277; x_wconf 85' lang='lat' dir='ltr'>igitur</span> <span class='ocrx_word' id='word_1_47' title='bbox 1147 1191 1189 1256; x_wconf 88' lang='lat' dir='ltr'>de</span> <span class='ocrx_word' id='word_1_48' title='bbox 1205 1191 1274 1255; x_wconf 87' lang='lat' dir='ltr'>deis</span> 
     </span>
     <span class='ocr_line' id='line_1_9' title="bbox 248 1297 1274 1391; baseline 0 -27"><span class='ocrx_word' id='word_1_49' title='bbox 248 1297 422 1382; x_wconf 81' lang='lat' dir='ltr'>opiniones,</span> <span class='ocrx_word' id='word_1_50' title='bbox 452 1297 614 1382; x_wconf 85' lang='lat' dir='ltr'>divinatio,</span> <span class='ocrx_word' id='word_1_51' title='bbox 638 1300 696 1365; x_wconf 85' lang='lat' dir='ltr'>fati</span> <span class='ocrx_word' id='word_1_52' title='bbox 717 1303 891 1367; x_wconf 86' lang='lat' dir='ltr'>necessitas</span> <span class='ocrx_word' id='word_1_53' title='bbox 920 1302 1104 1390; x_wconf 76' lang='grc' dir='ltr'>(εἱμαρμένη,</span> <span class='ocrx_word' id='word_1_54' title='bbox 1130 1303 1274 1391; x_wconf 75' lang='grc' dir='ltr'><strong>ἀνάγκη),</strong></span> 
     </span>
     <span class='ocr_line' id='line_1_10' title="bbox 248 1411 1275 1500; baseline 0.005 -26"><span class='ocrx_word' id='word_1_55' title='bbox 248 1411 341 1476; x_wconf 87' lang='lat' dir='ltr'>fictae</span> <span class='ocrx_word' id='word_1_56' title='bbox 372 1417 516 1474; x_wconf 90' lang='lat' dir='ltr'>veterum</span> <span class='ocrx_word' id='word_1_57' title='bbox 549 1411 689 1490; x_wconf 86' lang='lat' dir='ltr'>fabulae,</span> <span class='ocrx_word' id='word_1_58' title='bbox 724 1414 826 1476; x_wconf 88' lang='lat' dir='ltr'>omnis</span> <span class='ocrx_word' id='word_1_59' title='bbox 855 1414 1038 1498; x_wconf 83' lang='lat' dir='ltr'>superstitio</span> <span class='ocrx_word' id='word_1_60' title='bbox 1062 1412 1198 1500; x_wconf 83' lang='lat' dir='ltr'>Epicuri</span> <span class='ocrx_word' id='word_1_61' title='bbox 1225 1437 1275 1480; x_wconf 85' lang='lat' dir='ltr'>ra-</span> 
     </span>
     <span class='ocr_line' id='line_1_11' title="bbox 247 1505 782 1600; baseline -0.004 -12"><span class='ocrx_word' id='word_1_62' title='bbox 247 1523 333 1588; x_wconf 88' lang='lat' dir='ltr'>tione</span> <span class='ocrx_word' id='word_1_63' title='bbox 357 1505 518 1586; x_wconf 82' lang='lat' dir='ltr'>labefacta</span> <span class='ocrx_word' id='word_1_64' title='bbox 540 1521 722 1587; x_wconf 89' lang='lat' dir='ltr'>concidunt.</span> <span class='ocrx_word' id='word_1_65' title='bbox 732 1520 782 1600; x_wconf 82' lang='grc'>118)</span> 
     </span>
    </p>

    <p class='ocr_par' dir='ltr' id='par_1_6' title="bbox 246 1632 1275 3162">
     <span class='ocr_line' id='line_1_12' title="bbox 332 1632 1274 1717; baseline 0.002 -19"><span class='ocrx_word' id='word_1_66' title='bbox 332 1632 503 1698; x_wconf 83' lang='lat' dir='ltr'>Nonnullis</span> <span class='ocrx_word' id='word_1_67' title='bbox 525 1632 684 1717; x_wconf 80' lang='lat' dir='ltr'>Epicurus</span> <span class='ocrx_word' id='word_1_68' title='bbox 712 1635 798 1698; x_wconf 84' lang='lat' dir='ltr'>visus</span> <span class='ocrx_word' id='word_1_69' title='bbox 827 1641 884 1716; x_wconf 89' lang='lat' dir='ltr'>est,</span> <span class='ocrx_word' id='word_1_70' title='bbox 918 1657 959 1700; x_wconf 89' lang='lat' dir='ltr'>ne</span> <span class='ocrx_word' id='word_1_71' title='bbox 991 1637 1025 1700; x_wconf 94' lang='lat' dir='ltr'>in</span> <span class='ocrx_word' id='word_1_72' title='bbox 1060 1636 1274 1701; x_wconf 81' lang='lat' dir='ltr'>offensionem</span> 
     </span>
     <span class='ocr_line' id='line_1_13' title="bbox 248 1743 1273 1830; baseline 0.004 -22"><span class='ocrx_word' id='word_1_73' title='bbox 248 1745 495 1809; x_wconf 84' lang='lat' dir='ltr'>Atheniensium</span> <span class='ocrx_word' id='word_1_74' title='bbox 518 1743 657 1820; x_wconf 87' lang='lat' dir='ltr'>caderet,</span> <span class='ocrx_word' id='word_1_75' title='bbox 681 1745 788 1808; x_wconf 85' lang='lat' dir='ltr'>verbis</span> <span class='ocrx_word' id='word_1_76' title='bbox 811 1747 977 1830; x_wconf 83' lang='lat' dir='ltr'>reliquisse</span> <span class='ocrx_word' id='word_1_77' title='bbox 998 1747 1084 1828; x_wconf 89' lang='lat' dir='ltr'>deos,</span> <span class='ocrx_word' id='word_1_78' title='bbox 1108 1767 1145 1812; x_wconf 86' lang='lat' dir='ltr'>re</span> <span class='ocrx_word' id='word_1_79' title='bbox 1169 1755 1273 1812; x_wconf 89' lang='lat' dir='ltr'>sustu-</span> 
     </span>
     <span class='ocr_line' id='line_1_14' title="bbox 246 1855 1273 1944; baseline 0.002 -24"><span class='ocrx_word' id='word_1_80' title='bbox 246 1857 329 1920; x_wconf 87' lang='lat' dir='ltr'>lisse.</span> <span class='ocrx_word' id='word_1_81' title='bbox 376 1857 462 1930; x_wconf 82' lang='lat' dir='ltr'>Quos</span> <span class='ocrx_word' id='word_1_82' title='bbox 489 1855 574 1940; x_wconf 95' lang='lat' dir='ltr'>quod</span> <span class='ocrx_word' id='word_1_83' title='bbox 604 1875 720 1936; x_wconf 87' lang='lat' dir='ltr'>sequar</span> <span class='ocrx_word' id='word_1_84' title='bbox 754 1877 816 1920; x_wconf 92' lang='lat' dir='ltr'>non</span> <span class='ocrx_word' id='word_1_85' title='bbox 848 1857 962 1922; x_wconf 88' lang='lat' dir='ltr'>habeo.</span> <span class='ocrx_word' id='word_1_86' title='bbox 1008 1859 1123 1944; x_wconf 88' lang='lat' dir='ltr'>Neque</span> <span class='ocrx_word' id='word_1_87' title='bbox 1154 1858 1273 1924; x_wconf 84' lang='lat' dir='ltr'>Schoe-</span> 
     </span>
     <span class='ocr_line' id='line_1_15' title="bbox 248 1965 1274 2052; baseline 0.002 -21"><span class='ocrx_word' id='word_1_88' title='bbox 248 1972 353 2032; x_wconf 87' lang='lat' dir='ltr'>manni</span> <span class='ocrx_word' id='word_1_89' title='bbox 383 1965 461 2029; x_wconf 91' lang='lat' dir='ltr'>illud</span> <span class='ocrx_word' id='word_1_90' title='bbox 490 1987 625 2051; x_wconf 89' lang='lat' dir='ltr'>usquam</span> <span class='ocrx_word' id='word_1_91' title='bbox 659 1967 861 2050; x_wconf 84' lang='lat' dir='ltr'>comprobari</span> <span class='ocrx_word' id='word_1_92' title='bbox 895 1968 999 2052; x_wconf 84' lang='lat' dir='ltr'>video,</span> <span class='ocrx_word' id='word_1_93' title='bbox 1034 1971 1091 2034; x_wconf 90' lang='lat' dir='ltr'>sed</span> <span class='ocrx_word' id='word_1_94' title='bbox 1124 1970 1274 2035; x_wconf 89' lang='lat' dir='ltr'>omnibus</span> 
     </span>
     <span class='ocr_line' id='line_1_16' title="bbox 248 2077 1273 2164; baseline 0 -20"><span class='ocrx_word' id='word_1_95' title='bbox 248 2081 365 2144; x_wconf 88' lang='lat' dir='ltr'>nuntiis</span> <span class='ocrx_word' id='word_1_96' title='bbox 388 2078 557 2142; x_wconf 87' lang='lat' dir='ltr'>infirmari:</span> <span class='ocrx_word' id='word_1_97' title='bbox 583 2077 644 2156; x_wconf 82' lang='lat' dir='ltr'>„Ja</span> <span class='ocrx_word' id='word_1_98' title='bbox 666 2079 748 2142; x_wconf 87' lang='lat' dir='ltr'>auch</span> <span class='ocrx_word' id='word_1_99' title='bbox 772 2080 861 2143; x_wconf 85' lang='lat' dir='ltr'>scine</span> <span class='ocrx_word' id='word_1_100' title='bbox 879 2078 1048 2164; x_wconf 78' lang='lat' dir='ltr'>(Epikurs)</span> <span class='ocrx_word' id='word_1_101' title='bbox 1071 2081 1273 2164; x_wconf 85' lang='lat' dir='ltr'>letztwilligc</span> 
     </span>
     <span class='ocr_line' id='line_1_17' title="bbox 248 2189 1274 2278; baseline 0.002 -25"><span class='ocrx_word' id='word_1_102' title='bbox 248 2190 443 2274; x_wconf 84' lang='lat' dir='ltr'>Verfiigung</span> <span class='ocrx_word' id='word_1_103' title='bbox 465 2210 578 2274; x_wconf 86' lang='lat' dir='ltr'>wegcn</span> <span class='ocrx_word' id='word_1_104' title='bbox 605 2189 663 2252; x_wconf 87' lang='lat' dir='ltr'>der</span> <span class='ocrx_word' id='word_1_105' title='bbox 696 2189 884 2278; x_wconf 77' lang='grc' dir='ltr'><strong>ἐναγίσματα</strong></span> <span class='ocrx_word' id='word_1_106' title='bbox 911 2193 996 2276; x_wconf 85' lang='lat' dir='ltr'>zeigt</span> <span class='ocrx_word' id='word_1_107' title='bbox 1023 2194 1118 2268; x_wconf 84' lang='lat' dir='ltr'>wohl,</span> <span class='ocrx_word' id='word_1_108' title='bbox 1152 2194 1274 2255; x_wconf 80' lang='lat' dir='ltr'>wiser</span> 
     </span>
     <span class='ocr_line' id='line_1_18' title="bbox 248 2300 1274 2388; baseline 0 -20"><span class='ocrx_word' id='word_1_109' title='bbox 248 2303 358 2368; x_wconf 88' lang='lat' dir='ltr'>scinen</span> <span class='ocrx_word' id='word_1_110' title='bbox 372 2301 654 2386; x_wconf 90' lang='lat' dir='ltr'>philosophischen</span> <span class='ocrx_word' id='word_1_111' title='bbox 670 2300 802 2365; x_wconf 88' lang='lat' dir='ltr'>Lehren</span> <span class='ocrx_word' id='word_1_112' title='bbox 818 2301 901 2366; x_wconf 90' lang='lat' dir='ltr'>doch</span> <span class='ocrx_word' id='word_1_113' title='bbox 923 2303 1012 2366; x_wconf 91' lang='lat' dir='ltr'>nicht</span> <span class='ocrx_word' id='word_1_114' title='bbox 1034 2325 1068 2367; x_wconf 89' lang='lat' dir='ltr'>so</span> <span class='ocrx_word' id='word_1_115' title='bbox 1091 2304 1274 2388; x_wconf 80' lang='lat' dir='ltr'>unbedingt</span> 
     </span>
     <span class='ocr_line' id='line_1_19' title="bbox 248 2411 1273 2499; baseline 0.001 -21"><span class='ocrx_word' id='word_1_116' title='bbox 248 2420 393 2480; x_wconf 80' lang='lat' dir='ltr'>vertraut</span> <span class='ocrx_word' id='word_1_117' title='bbox 408 2413 501 2493; x_wconf 85' lang='lat' dir='ltr'>habe,</span> <span class='ocrx_word' id='word_1_118' title='bbox 524 2434 578 2475; x_wconf 90' lang='lat' dir='ltr'>um</span> <span class='ocrx_word' id='word_1_119' title='bbox 595 2411 646 2476; x_wconf 88' lang='lat' dir='ltr'>die</span> <span class='ocrx_word' id='word_1_120' title='bbox 663 2413 782 2476; x_wconf 86' lang='lat' dir='ltr'>einmel</span> <span class='ocrx_word' id='word_1_121' title='bbox 797 2413 1072 2478; x_wconf 76' lang='lat' dir='ltr'>hcrkdmmlichcn</span> <span class='ocrx_word' id='word_1_122' title='bbox 1088 2415 1273 2499; x_wconf 83' lang='lat' dir='ltr'>Religione-</span> 
     </span>
     <span class='ocr_line' id='line_1_20' title="bbox 249 2523 1274 2610; baseline 0.001 -22"><span class='ocrx_word' id='word_1_123' title='bbox 249 2524 431 2608; x_wconf 79' lang='lat' dir='ltr'>gebriiuchc</span> <span class='ocrx_word' id='word_1_124' title='bbox 454 2545 536 2607; x_wconf 83' lang='lat' dir='ltr'>ganz</span> <span class='ocrx_word' id='word_1_125' title='bbox 558 2523 749 2587; x_wconf 86' lang='lat' dir='ltr'>unstatthalt</span> <span class='ocrx_word' id='word_1_126' title='bbox 771 2545 809 2586; x_wconf 87' lang='lat' dir='ltr'>zu</span> <span class='ocrx_word' id='word_1_127' title='bbox 830 2523 968 2588; x_wconf 80' lang='lat' dir='ltr'>finden.“</span> <span class='ocrx_word' id='word_1_128' title='bbox 1003 2525 1136 2610; x_wconf 83' lang='lat' dir='ltr'>Epicuri</span> <span class='ocrx_word' id='word_1_129' title='bbox 1160 2533 1274 2592; x_wconf 89' lang='lat' dir='ltr'>contra</span> 
     </span>
     <span class='ocr_line' id='line_1_21' title="bbox 249 2633 1274 2719; baseline 0.001 -18"><span class='ocrx_word' id='word_1_130' title='bbox 249 2658 316 2701; x_wconf 91' lang='lat' dir='ltr'>mos</span> <span class='ocrx_word' id='word_1_131' title='bbox 338 2641 396 2715; x_wconf 88' lang='lat' dir='ltr'>est,</span> <span class='ocrx_word' id='word_1_132' title='bbox 420 2640 456 2696; x_wconf 89' lang='lat' dir='ltr'>ut</span> <span class='ocrx_word' id='word_1_133' title='bbox 478 2654 691 2715; x_wconf 79' lang='lat' dir='ltr'>magnacum</span> <span class='ocrx_word' id='word_1_134' title='bbox 714 2633 907 2700; x_wconf 85' lang='lat' dir='ltr'>confidentia</span> <span class='ocrx_word' id='word_1_135' title='bbox 929 2637 1060 2701; x_wconf 83' lang='lat' dir='ltr'>inventa</span> <span class='ocrx_word' id='word_1_136' title='bbox 1079 2639 1274 2719; x_wconf 87' lang='lat' dir='ltr'>pronunciet</span> 
     </span>
     <span class='ocr_line' id='line_1_22' title="bbox 249 2743 1272 2830; baseline 0 -18"><span class='ocrx_word' id='word_1_137' title='bbox 249 2749 481 2830; x_wconf 85' lang='lat' dir='ltr'>veritatemque</span> <span class='ocrx_word' id='word_1_138' title='bbox 504 2745 565 2814; x_wconf 81' lang='lat' dir='ltr'>sibi</span> <span class='ocrx_word' id='word_1_139' title='bbox 586 2743 736 2823; x_wconf 82' lang='lat' dir='ltr'>vindicet,</span> <span class='ocrx_word' id='word_1_140' title='bbox 761 2766 823 2808; x_wconf 91' lang='lat' dir='ltr'>non</span> <span class='ocrx_word' id='word_1_141' title='bbox 847 2753 882 2810; x_wconf 87' lang='lat' dir='ltr'>ut</span> <span class='ocrx_word' id='word_1_142' title='bbox 898 2746 1082 2812; x_wconf 86' lang='lat' dir='ltr'>dubitanter</span> <span class='ocrx_word' id='word_1_143' title='bbox 1104 2749 1272 2812; x_wconf 82' lang='lat' dir='ltr'>inuertere</span> 
     </span>
     <span class='ocr_line' id='line_1_23' title="bbox 249 2855 1272 2943; baseline -0.002 -21"><span class='ocrx_word' id='word_1_144' title='bbox 249 2859 385 2922; x_wconf 87' lang='lat' dir='ltr'>incedat.</span> <span class='ocrx_word' id='word_1_145' title='bbox 431 2857 496 2921; x_wconf 83' lang='lat' dir='ltr'>Oic.</span> <span class='ocrx_word' id='word_1_146' title='bbox 520 2856 550 2918; x_wconf 92' lang='lat' dir='ltr'>d.</span> <span class='ocrx_word' id='word_1_147' title='bbox 575 2878 605 2920; x_wconf 91' lang='lat' dir='ltr'>n.</span> <span class='ocrx_word' id='word_1_148' title='bbox 630 2855 660 2918; x_wconf 89' lang='lat' dir='ltr'>d.</span> <span class='ocrx_word' id='word_1_149' title='bbox 678 2857 702 2918; x_wconf 93' lang='grc' dir='ltr'>Ι.</span> <span class='ocrx_word' id='word_1_150' title='bbox 742 2856 790 2921; x_wconf 79' lang='lat' dir='ltr'>Of.</span> <span class='ocrx_word' id='word_1_151' title='bbox 816 2877 943 2942; x_wconf 92' lang='lat' dir='ltr'>quoque</span> <span class='ocrx_word' id='word_1_152' title='bbox 968 2857 1054 2923; x_wconf 87' lang='lat' dir='ltr'>Sext.</span> <span class='ocrx_word' id='word_1_153' title='bbox 1079 2858 1173 2943; x_wconf 82' lang='lat' dir='ltr'>Emp.</span> <span class='ocrx_word' id='word_1_154' title='bbox 1199 2859 1272 2923; x_wconf 88' lang='lat' dir='ltr'>adv.</span> 
     </span>
     <span class='ocr_line' id='line_1_24' title="bbox 249 2967 1275 3054; baseline 0.002 -22"><span class='ocrx_word' id='word_1_155' title='bbox 249 2992 288 3032; x_wconf 89' lang='lat' dir='ltr'>m.</span> <span class='ocrx_word' id='word_1_156' title='bbox 314 2967 483 3034; x_wconf 78' lang='lat' dir='ltr'>v11.321.</span> <span class='ocrx_word' id='word_1_157' title='bbox 528 2968 631 3031; x_wconf 89' lang='lat' dir='ltr'>Porro</span> <span class='ocrx_word' id='word_1_158' title='bbox 660 2989 711 3031; x_wconf 87' lang='lat' dir='ltr'>me</span> <span class='ocrx_word' id='word_1_159' title='bbox 741 2967 894 3052; x_wconf 90' lang='lat' dir='ltr'>probasse</span> <span class='ocrx_word' id='word_1_160' title='bbox 917 2989 1021 3054; x_wconf 87' lang='lat' dir='ltr'>spero,</span> <span class='ocrx_word' id='word_1_161' title='bbox 1050 2971 1173 3034; x_wconf 89' lang='lat' dir='ltr'>cultum</span> <span class='ocrx_word' id='word_1_162' title='bbox 1197 2969 1275 3034; x_wconf 90' lang='lat' dir='ltr'>deo·</span> 
     </span>
     <span class='ocr_line' id='line_1_25' title="bbox 250 3078 979 3162; baseline -0.001 -18"><span class='ocrx_word' id='word_1_163' title='bbox 250 3103 320 3144; x_wconf 89' lang='lat' dir='ltr'>rum</span> <span class='ocrx_word' id='word_1_164' title='bbox 342 3080 383 3144; x_wconf 88' lang='lat' dir='ltr'>ab</span> <span class='ocrx_word' id='word_1_165' title='bbox 407 3080 551 3144; x_wconf 88' lang='lat' dir='ltr'>doctrina</span> <span class='ocrx_word' id='word_1_166' title='bbox 574 3078 707 3162; x_wconf 76' lang='lat' dir='ltr'>Epicuri</span> <span class='ocrx_word' id='word_1_167' title='bbox 729 3101 792 3144; x_wconf 90' lang='lat' dir='ltr'>non</span> <span class='ocrx_word' id='word_1_168' title='bbox 816 3078 979 3143; x_wconf 88' lang='lat' dir='ltr'>dissidere.</span> 
     </span>
    </p>

    <p class='ocr_par' dir='ltr' id='par_1_7' title="bbox 249 3189 1275 3476">
     <span class='ocr_line' id='line_1_26' title="bbox 289 3189 1273 3274; baseline 0.003 -21"><span class='ocrx_word' id='word_1_169' title='bbox 289 3233 292 3239; x_wconf 92' lang='lat'>-</span> <span class='ocrx_word' id='word_1_170' title='bbox 335 3189 409 3254; x_wconf 83' lang='lat' dir='ltr'>Jorn</span> <span class='ocrx_word' id='word_1_171' title='bbox 430 3211 508 3254; x_wconf 82' lang='lat' dir='ltr'>uero</span> <span class='ocrx_word' id='word_1_172' title='bbox 536 3191 632 3254; x_wconf 86' lang='lat' dir='ltr'>tertia</span> <span class='ocrx_word' id='word_1_173' title='bbox 660 3189 881 3272; x_wconf 87' lang='lat' dir='ltr'>philosophiae</span> <span class='ocrx_word' id='word_1_174' title='bbox 915 3211 990 3274; x_wconf 88' lang='lat' dir='ltr'>pars</span> <span class='ocrx_word' id='word_1_175' title='bbox 1017 3191 1185 3256; x_wconf 88' lang='lat' dir='ltr'>tractanda</span> <span class='ocrx_word' id='word_1_176' title='bbox 1214 3199 1273 3273; x_wconf 88' lang='lat' dir='ltr'>est,</span> 
     </span>
     <span class='ocr_line' id='line_1_27' title="bbox 249 3299 1275 3386; baseline 0.003 -22"><span class='ocrx_word' id='word_1_177' title='bbox 249 3303 329 3366; x_wconf 88' lang='lat' dir='ltr'>ratio</span> <span class='ocrx_word' id='word_1_178' title='bbox 352 3301 447 3365; x_wconf 88' lang='lat' dir='ltr'>beate</span> <span class='ocrx_word' id='word_1_179' title='bbox 470 3300 609 3382; x_wconf 88' lang='lat' dir='ltr'>vivendi,</span> <span class='ocrx_word' id='word_1_180' title='bbox 633 3321 715 3384; x_wconf 88' lang='lat' dir='ltr'>quac</span> <span class='ocrx_word' id='word_1_181' title='bbox 738 3299 879 3384; x_wconf 82' lang='lat' dir='ltr'>Epicuro</span> <span class='ocrx_word' id='word_1_182' title='bbox 904 3302 1044 3366; x_wconf 84' lang='lat' dir='ltr'>omniurn</span> <span class='ocrx_word' id='word_1_183' title='bbox 1067 3322 1176 3366; x_wconf 88' lang='lat' dir='ltr'>rernm</span> <span class='ocrx_word' id='word_1_184' title='bbox 1199 3324 1275 3386; x_wconf 86' lang='lat' dir='ltr'>gra-</span> 
     </span>
     <span class='ocr_line' id='line_1_28' title="bbox 249 3411 534 3476; baseline 0.004 -2"><span class='ocrx_word' id='word_1_185' title='bbox 249 3413 378 3475; x_wconf 87' lang='lat' dir='ltr'>vissima</span> <span class='ocrx_word' id='word_1_186' title='bbox 398 3411 534 3476; x_wconf 85' lang='lat' dir='ltr'>videtur.</span> 
     </span>
    </p>

    <p class='ocr_par' dir='ltr' id='par_1_8' title="bbox 248 3502 1274 4051">
     <span class='ocr_line' id='line_1_29' title="bbox 303 3502 1274 3610; baseline 0.003 -23"><span class='ocrx_word' id='word_1_187' title='bbox 303 3502 304 3508; x_wconf 7' lang='grc' dir='ltr'>ἵ</span> <span class='ocrx_word' id='word_1_188' title='bbox 335 3523 433 3604; x_wconf 86' lang='lat' dir='ltr'>Finis,</span> <span class='ocrx_word' id='word_1_189' title='bbox 456 3523 497 3586; x_wconf 88' lang='lat' dir='ltr'>ad</span> <span class='ocrx_word' id='word_1_190' title='bbox 513 3543 608 3610; x_wconf 88' lang='lat' dir='ltr'>quem</span> <span class='ocrx_word' id='word_1_191' title='bbox 632 3524 736 3586; x_wconf 84' lang='lat' dir='ltr'>omnia</span> <span class='ocrx_word' id='word_1_192' title='bbox 760 3523 955 3606; x_wconf 85' lang='lat' dir='ltr'>referuntur,</span> <span class='ocrx_word' id='word_1_193' title='bbox 979 3525 1034 3608; x_wconf 92' lang='lat' dir='ltr'>qui</span> <span class='ocrx_word' id='word_1_194' title='bbox 1055 3525 1123 3608; x_wconf 90' lang='lat' dir='ltr'>ipse</span> <span class='ocrx_word' id='word_1_195' title='bbox 1146 3523 1187 3588; x_wconf 86' lang='lat' dir='ltr'>ad</span> <span class='ocrx_word' id='word_1_196' title='bbox 1203 3527 1274 3590; x_wconf 92' lang='lat' dir='ltr'>nul-</span> 
     </span>
     <span class='ocr_line' id='line_1_30' title="bbox 248 3625 1273 3722; baseline 0.004 -25"><span class='ocrx_word' id='word_1_197' title='bbox 248 3636 312 3698; x_wconf 86' lang='lat' dir='ltr'>lam</span> <span class='ocrx_word' id='word_1_198' title='bbox 340 3655 409 3698; x_wconf 90' lang='lat' dir='ltr'>rem</span> <span class='ocrx_word' id='word_1_199' title='bbox 439 3640 618 3714; x_wconf 85' lang='lat' dir='ltr'>revocatur,</span> <span class='ocrx_word' id='word_1_200' title='bbox 653 3640 701 3697; x_wconf 89' lang='lat' dir='ltr'>est</span> <span class='ocrx_word' id='word_1_201' title='bbox 733 3634 898 3698; x_wconf 87' lang='lat' dir='ltr'>beatitudo</span> <span class='ocrx_word' id='word_1_202' title='bbox 935 3625 1145 3722; x_wconf 68' lang='lat' dir='ltr'>(adinspector).</span> <span class='ocrx_word' id='word_1_203' title='bbox 1191 3635 1273 3701; x_wconf 88' lang='lat' dir='ltr'>(lum</span> 
     </span>
     <span class='ocr_line' id='line_1_31' title="bbox 249 3745 1273 3830; baseline 0.003 -21"><span class='ocrx_word' id='word_1_204' title='bbox 249 3747 329 3809; x_wconf 88' lang='lat' dir='ltr'>haec</span> <span class='ocrx_word' id='word_1_205' title='bbox 351 3745 452 3826; x_wconf 85' lang='lat' dir='ltr'>adest,</span> <span class='ocrx_word' id='word_1_206' title='bbox 481 3746 587 3811; x_wconf 89' lang='lat' dir='ltr'>omnia</span> <span class='ocrx_word' id='word_1_207' title='bbox 608 3745 773 3822; x_wconf 84' lang='lat' dir='ltr'>habemus,</span> <span class='ocrx_word' id='word_1_208' title='bbox 804 3766 875 3809; x_wconf 92' lang='lat' dir='ltr'>cum</span> <span class='ocrx_word' id='word_1_209' title='bbox 898 3745 998 3825; x_wconf 83' lang='lat' dir='ltr'>abest,</span> <span class='ocrx_word' id='word_1_210' title='bbox 1027 3752 1064 3810; x_wconf 83' lang='lat' dir='ltr'>ut</span> <span class='ocrx_word' id='word_1_211' title='bbox 1085 3745 1273 3830; x_wconf 86' lang='lat' dir='ltr'>habeamus,</span> 
     </span>
     <span class='ocr_line' id='line_1_32' title="bbox 250 3851 1272 3942; baseline 0.004 -23"><span class='ocrx_word' id='word_1_212' title='bbox 250 3857 356 3920; x_wconf 87' lang='lat' dir='ltr'>omnia</span> <span class='ocrx_word' id='word_1_213' title='bbox 388 3856 531 3920; x_wconf 88' lang='lat' dir='ltr'>iacimus.</span> <span class='ocrx_word' id='word_1_214' title='bbox 542 3851 591 3935; x_wconf 82' lang='lat'><strong>¹¹⁹)</strong></span> <span class='ocrx_word' id='word_1_215' title='bbox 636 3856 745 3921; x_wconf 87' lang='lat' dir='ltr'>Posita</span> <span class='ocrx_word' id='word_1_216' title='bbox 781 3863 828 3920; x_wconf 88' lang='lat' dir='ltr'>est</span> <span class='ocrx_word' id='word_1_217' title='bbox 862 3855 997 3920; x_wconf 87' lang='lat' dir='ltr'>felicitas</span> <span class='ocrx_word' id='word_1_218' title='bbox 1030 3855 1064 3920; x_wconf 92' lang='lat' dir='ltr'>in</span> <span class='ocrx_word' id='word_1_219' title='bbox 1097 3858 1272 3942; x_wconf 85' lang='lat' dir='ltr'>voluptate.</span> 
     </span>
     <span class='ocr_line' id='line_1_33' title="bbox 248 3967 1274 4051; baseline 0.004 -21"><span class='ocrx_word' id='word_1_220' title='bbox 248 3967 357 4050; x_wconf 79' lang='lat' dir='ltr'>Atque</span> <span class='ocrx_word' id='word_1_221' title='bbox 380 3968 440 4033; x_wconf 86' lang='lat' dir='ltr'>hae</span> <span class='ocrx_word' id='word_1_222' title='bbox 462 3974 570 4031; x_wconf 89' lang='lat' dir='ltr'>mente</span> <span class='ocrx_word' id='word_1_223' title='bbox 593 3967 741 4051; x_wconf 83' lang='lat' dir='ltr'>uoluptas</span> <span class='ocrx_word' id='word_1_224' title='bbox 771 3967 886 4031; x_wconf 89' lang='lat' dir='ltr'>dicitur</span> <span class='ocrx_word' id='word_1_225' title='bbox 911 3989 1069 4033; x_wconf 85' lang='lat' dir='ltr'>summurn</span> <span class='ocrx_word' id='word_1_226' title='bbox 1096 3967 1219 4032; x_wconf 91' lang='lat' dir='ltr'>bonum</span> <span class='ocrx_word' id='word_1_227' title='bbox 1242 3978 1274 4034; x_wconf 91' lang='lat' dir='ltr'>et</span> 
     </span>
    </p>
   </div>
   <div class='ocr_carea' id='block_1_5' title="bbox 0 0 1372 4554">
    <p class='ocr_par' dir='ltr' id='par_1_9' title="bbox 0 0 1372 4554">
     <span class='ocr_line' id='line_1_34' title="bbox 0 0 1372 4554; baseline 0 0"><span class='ocrx_word' id='word_1_228' title='bbox 0 0 1372 4554; x_wconf 95' lang='lat' dir='ltr'> </span> 
     </span>
    </p>
   </div>
  </div>
 </body>
</html>
