2734 4554
641 409 645 413 ,
701 319 843 414 *Gan

233 527 388 610 Superest
410 523 507 608 idque
530 521 654 588 decimo
677 523 758 588 libro
782 523 938 606 Diogenis
960 521 999 586 L.
1014 521 1152 586 vitarum
1174 519 1254 584 nihil

232 637 292 700 nisi
314 642 379 700 tres
402 635 558 720 epistulae
590 636 679 719 quasi
710 635 935 720 compendium
964 631 1128 698 doctrinae
1156 631 1255 696 conti·
1338 711 1339 714 Ἴ

233 754 345 812 nentes
379 746 420 812 ad
453 746 671 827 Herodotum,
711 746 753 810 ad
786 745 975 827 Pythoclem
1009 782 1047 790 -
1082 745 1139 808 has
1173 742 1255 807 duas

232 859 394 943 excerpsit
408 857 553 922 Eudocia
575 859 607 922 in
630 859 748 923 violeto
772 895 821 940 -‚
845 856 886 920 ad
902 856 1112 920 Menoeceum
1128 853 1254 933 missae,

234 991 316 1056 quae
350 969 492 1034 omnium
525 969 595 1034 fere
635 991 792 1034 consensu
823 969 985 1052 genuinae
1018 967 1254 1046 existimantur,

231 1089 329 1166 atque
352 1087 495 1146 ratarum
510 1081 752 1161 sententiarum,
776 1101 854 1164 quas
876 1079 1019 1144 breviter
1040 1085 1072 1143 et
1086 1075 1254 1142 commode
1339 1137 1340 1154 ,

234 1193 334 1257 dictas
357 1193 504 1276 discipuli
527 1177 681 1255 memoria
704 1191 873 1274 complecti
902 1196 935 1254 ct
962 1196 1074 1253 tenere
1096 1188 1255 1270 solebant,

233 1305 317 1368 bona
338 1325 422 1388 pars.
468 1301 665 1385 Fragmenta
686 1299 842 1366 librorum
865 1301 905 1366 de
928 1308 1044 1365 natura
1065 1296 1256 1382 111111111-

235 1415 327 1478 nibus
351 1413 539 1499 papyraceis
563 1434 606 1476 ex
629 1413 937 1477 Η11111111111111
961 1420 1091 1496 reperta
1121 1419 1154 1476 et
1181 1411 1256 1475 reli-

235 1527 329 1609 quiae
345 1525 480 1589 aliorum
495 1523 685 1608 scriptorum
702 1524 938 1609 Epicureorum
952 1523 1015 1587 illis
1032 1521 1256 1588 effossionibus
1340 1593 1341 1596 Ἴ

234 1636 267 1699 11
282 1636 387 1700 lucem
402 1637 547 1718 prolatae
563 1657 713 1720 magnam
735 1656 831 1719 quam
845 1637 1067 1700 excitaverant
1088 1637 1256 1717 exspecta-

178 1745 185 1754 '
232 1749 356 1812 tionem
378 1747 471 1810 valde
496 1746 729 1810 deminuerunt.
769 1746 937 1811 Conradus
953 1746 1093 1811 Orellius
1109 1731 1255 1829 quidem:

234 1859 337 1938 ‚Adeo
371 1856 551 1940 discerpta',
594 1855 707 1941 inquit,
742 1864 785 1938 ‚et
823 1858 931 1922 lacera
970 1864 1043 1921 sunt
1084 1859 1140 1937 (sc.
1170 1856 1254 1939 frag·

234 1959 367 2048 menta),
393 1970 480 2032 utin
509 1969 664 2033 columnis
692 1969 788 2032 etiam
818 1969 921 2033 minus
954 1969 1078 2032 detritis
1105 1969 1162 2033 vix
1188 1975 1256 2033 tres
1341 2053 1342 2066 χ

235 2071 411 2164 quatuorve
427 2080 560 2144 lineolae
576 2101 639 2144 uno
655 2086 766 2144 tenore
782 2080 952 2164 perlegere
968 2081 1079 2163 possis,
1095 2081 1127 2145 in
1144 2080 1256 2164 pleris-
1341 2067 1342 2072 ¹

234 2212 297 2275 que
326 2197 434 2254 autem
462 2183 541 2254 nihil
570 2191 639 2255 fere
667 2191 844 2274 conspicias
874 2191 935 2255 nisi
962 2191 1103 2274 singulas
1130 2197 1257 2254 tantum

234 2303 287 2368 vel
309 2323 404 2366 voces
425 2301 478 2364 vel
501 2303 610 2365 literas
634 2302 686 2366 vel
708 2301 875 2366 literarum
904 2302 1125 2367 tantummodo
1148 2303 1257 2385 apices

234 2436 271 2477 ac
293 2414 429 2478 obscura
451 2411 606 2495 vestigia'.
651 2411 759 2477 Etiam
781 2435 830 2502 ea,
853 2434 936 2497 quae
959 2420 1031 2498 post
1053 2412 1167 2478 Orellii
1190 2413 1257 2478 edi-

235 2529 353 2590 tionem
367 2525 565 2610 prodierunt
577 2523 713 2588 similem
724 2525 896 2589 ostendunt
906 2525 1061 2608 speciem3
1074 2546 1258 2608 perpaucae
1342 2597 1343 2612 p

235 2639 401 2701 columnae
425 2635 514 2698 nulla
535 2635 651 2699 lacuna
672 2636 835 2718 leguntur,
866 2642 962 2720 atque
992 2637 1172 2720 complures
1201 2658 1258 2720 pa-

236 2748 341 2832 gellae
363 2749 408 2811 sic
431 2753 504 2811 sunt
527 2745 725 2829 deperditae,
749 2752 784 2809 ut
806 2747 895 2811 nullo
918 2746 1012 2812 modo
1034 2747 1100 2830 legi
1122 2749 1256 2831 possint.

236 2858 285 2932 At
303 2865 390 2923 certe
428 2858 590 2921 interdum
618 2857 765 2921 collectio
795 2859 899 2942 prima
927 2865 959 2922 et
989 2857 1091 2922 altera
1118 2858 1258 2943 Neapoli

237 2969 389 3052 evulgata
418 2977 451 3033 11
483 2968 657 3052 publicatio
692 2967 885 3034 Oxoniensis
918 2975 951 3033 et
984 2970 1105 3046 omnia,
1141 2969 1259 3054 quibus

235 3080 448 3164 explanandis
476 3079 631 3163 imprimis
664 3079 847 3164 Sauppem,
878 3079 1125 3165 Comparettius,
1155 3080 1259 3165 Spen-

236 3191 349 3275 gelius‚
372 3191 542 3274 Ussingius
572 3210 703 3274 operam
732 3189 902 3268 dederunt,
931 3179 1079 3275 quaeque
1103 3191 1259 3277 (1111111-

237 3302 303 3365 zius
326 3302 560 3386 lithographioe
583 3321 703 3366 excusa
726 3300 953 3385 promulgavit,
976 3301 1016 3365 ad
1040 3301 1260 3367 confirmanda

237 3418 268 3474 et
290 3412 469 3497 supplenda
492 3435 531 3476 ea
553 3433 636 3496 quae
659 3412 774 3476 ceteris
789 3411 914 3495 scriptis
928 3419 1055 3476 servata
1070 3420 1153 3492 sunt,
1177 3412 1259 3476 mul-

237 3530 304 3586 tum
328 3523 447 3587 habent
469 3522 630 3587 momenti.

322 3634 518 3718 Plerumque
542 3634 643 3697 tribus
666 3631 728 3696 illis
744 3633 888 3717 epistulis
910 3635 987 3698 vitio
1003 3635 1148 3712 vertitur,
1172 3633 1260 3717 quod

239 3746 397 3809 accuratio
432 3752 464 3809 et
497 3743 659 3827 elegantia
692 3742 870 3809 disserendi
908 3747 942 3809 in
975 3746 1013 3809 iis
1047 3744 1258 3810 desideretur.

239 3855 304 3920 sed
326 3863 399 3920 sunt
415 3856 582 3941 epistulae,
607 3854 692 3919 otiis
708 3854 839 3939 quidem
852 3857 1014 3920 remissius
1029 3856 1083 3940 agi
1097 3855 1138 3920 de
1161 3855 1260 3921 rebus

239 3968 327 4032 solet.
381 3969 557 4033 Praeterea
589 3965 750 4049 Epicurus
783 3966 929 4033 homines
964 3966 1006 4032 ad
1038 3967 1157 4050 scripta
1190 3988 1259 4049 sua,
