2734 4554
612 325 652 386 27

115 532 219 596 inodo
236 532 362 596 variant
376 532 586 616 voluptatem,
610 552 669 595 nec
685 531 848 594 naturales
863 551 924 614 nec
938 531 1147 608 necessariae,

115 649 158 706 ut
183 627 327 708 coronae*
344 648 377 706 ct
399 629 523 708 statuae
552 641 779 726 adipiscendae
808 641 959 706 studium.
1004 640 1147 714 Quarum

114 775 161 817 ea
185 755 267 818 ratio
291 760 347 826 est,
379 762 414 816 ut
443 755 642 831 necessariae
670 775 730 816 nec
753 773 852 837 opera
881 752 981 814 multa
1008 773 1068 815 nec
1090 750 1146 814 im-

116 885 227 947 pensa
250 866 458 947 expleantur3
488 886 528 927 ne
552 866 714 928 naturales
744 863 874 948 quidem
900 864 1000 926 multa
1023 863 1146 927 deside-

114 981 206 1055 rant,
230 973 315 1058 quod
338 977 407 1059 ipsa
429 982 544 1038 natura
567 974 702 1048 divitias,
727 976 842 1058 quibus
866 981 1016 1039 contenta
1038 976 1087 1054 sit,
1115 985 1146 1038 et

115 1087 285 1169 parabiles
309 1093 341 1149 et
363 1088 549 1150 terminatas
579 1087 690 1166 habet3
718 1088 861 1152 inanium
888 1094 996 1149 autem
1025 1086 1145 1169 cupidi-

112 1203 224 1260 tatum
247 1219 305 1262 nec
328 1194 440 1261 modus
463 1198 547 1260 ullus
570 1207 629 1262 nec
652 1198 723 1260 finis
745 1199 882 1262 inveniri
905 1203 1019 1280 potest.
1029 1195 1078 1273 12ἶ)

206 1308 312 1372 Pane*
334 1316 366 1373 et
404 1331 487 1392 aqua
523 1311 549 1372 si
586 1310 656 1392 quis
694 1330 792 1391 egens
842 1311 981 1374 vescitur
1022 1329 1144 1372 summa

113 1419 259 1483 afficitur
281 1421 456 1504 voluptate.
480 1419 660 1505 Frugalitas
676 1423 809 1484 multum
826 1421 950 1484 confert
963 1420 1004 1484 ad
1027 1421 1143 1484 bonam

112 1531 348 1596 valetudinem.
394 1533 569 1598 Praeterea
593 1533 665 1597 ideo
695 1553 733 1597 ea
760 1534 793 1595 in
821 1532 907 1595 victu
938 1533 1142 1606 continentia,

112 1641 238 1705 bonum
267 1649 329 1725 est,
361 1643 446 1728 quod
476 1665 514 1707 ea
540 1645 695 1720 instructi,
727 1645 755 1706 si
789 1644 872 1708 forte
901 1649 975 1706 sunt
1005 1643 1143 1724 exiguae

113 1759 247 1816 nostrae
281 1775 342 1833 res,
376 1757 409 1818 in
438 1755 594 1819 tenuitate
630 1756 833 1838 acquiescere
868 1775 1051 1837 possumus3
1088 1773 1142 1815 ne-

110 1866 262 1928 cessariis
289 1873 398 1929 autem
427 1865 538 1945 rebus,
568 1887 640 1928 cum
674 1866 767 1930 facile
792 1872 954 1947 parentur,
989 1865 1044 1926 vix
1079 1864 1142 1946 pri-

113 1975 276 2038 vabimur.
312 1975 346 2039 si
358 1977 400 2040 ad
422 1988 569 2041 naturam
592 1977 689 2057 vives,
713 1979 758 2040 ait
781 1975 953 2060 Epicurus,
978 1995 1142 2056 nunquam

111 2086 180 2148 eris
204 2107 338 2170 pauper,
361 2088 387 2150 si
409 2087 450 2150 ad
478 2088 654 2171 opiniones
684 2109 858 2170 numquam
888 2088 950 2150 eris
980 2084 1083 2162 dives3
1109 2091 1141 2148 et

110 2196 157 2259 ad
173 2195 382 2261 Idomeneum
398 2199 537 2282 scripsit:
562 2197 607 2274 ,si
621 2199 669 2261 vis
681 2200 859 2282 Pythoclea
871 2196 1003 2260 divitem
1018 2196 1138 2276 facere,

112 2329 182 2371 non
204 2311 362 2392 pecuniae
397 2309 607 2390 adiciendum,
632 2310 688 2372 sed
713 2308 879 2392 cupiditati
905 2303 1139 2370 detrahendum

112 2425 173 2481 est.
220 2419 323 2482 Laeta
345 2427 518 2503 paupertas
541 2428 589 2484 cst
612 2423 745 2484 honesta
772 2441 832 2486 res.
883 2419 1004 2482 Malum
1033 2421 1080 2479 est
1107 2415 1139 2476 in

111 2531 308 2612 necessitate
330 2532 449 2612 vivere,
472 2532 529 2594 sed
558 2533 590 2594 in
617 2535 807 2596 necessitate
830 2532 939 2596 vivere
967 2527 1139 2592 necessitas

112 2641 204 2704 nulla
227 2639 340 2718 est.¹²⁸)
384 2641 457 2706 Non
482 2643 542 2706 nisi
564 2642 734 2722 interdum,
758 2643 936 2726 interjectis
952 2638 1138 2720 intervallis,

111 2752 192 2816 licet
222 2755 459 2836 magnificentia
492 2755 570 2836 frui,
611 2775 713 2838 eaque
749 2755 803 2838 qui
838 2755 967 2816 minime
1005 2749 1137 2834 indiget,

112 2865 256 2927 maxime
279 2863 406 2930 fruitur.
452 2866 550 2929 Luxu
582 2868 694 2930 suanis
720 2867 785 2930 vita
812 2887 876 2929 non
906 2869 1052 2947 paratur,
1083 2861 1139 2924 sed

113 2975 223 3040 sobria
252 2996 391 3059 sanaque
418 2983 535 3040 mente.
589 2978 694 3041 Morbi
722 2978 819 3040 animi
847 2981 921 3040 sunt
948 2974 1139 3057 cupiditates

111 3085 289 3150 immensae
312 3092 345 3150 et
367 3088 477 3151 inanes
501 3089 699 3160 divitiarum,
734 3089 867 3172 gloriae,
902 3083 1136 3162 dominationis,

112 3196 354 3260 libidinosarum
370 3200 466 3262 etiam
482 3200 699 3283 voluptatum3
723 3201 858 3263 vulnera
868 3199 953 3262 vitae
969 3197 1137 3262 avaritiam

114 3315 147 3369 et
182 3307 338 3371 honorum
373 3309 558 3393 cupidinem
594 3312 737 3394 appellat
765 3310 949 3389 Lucretius,
985 3311 1040 3392 qui
1070 3309 1138 3393 qui·

114 3418 189 3482 dem
213 3419 338 3499 clamat,
369 3422 510 3484 animum
537 3421 622 3485 vitiis
650 3422 796 3485 omnibus
826 3443 895 3485 esse
923 3419 1137 3504 purgandum,

113 3549 251 3612 parvum
264 3551 329 3593 esse
345 3534 516 3613 tramitem,
533 3553 595 3616 quo
612 3533 810 3614 voluptatem
828 3534 954 3614 assequi
969 3532 1137 3614 possimus.

113 3637 235 3722 Magna
257 3641 289 3703 iu
312 3642 408 3726 culpa
429 3648 513 3724 sunt,
537 3644 591 3726 qui
608 3641 769 3706 blanditiis
791 3644 1010 3726 praesentium
1026 3641 1137 3724 volup-

114 3756 217 3814 tatum
240 3753 391 3836 corrupti,
420 3775 499 3836 qucs
529 3753 655 3817 dolores
684 3757 851 3838 excepturi
878 3757 949 3829 sint,
979 3751 1139 3817 occaecati

115 3859 290 3943 cupiditate
305 3883 370 3927 non
385 3864 566 3949 provident,
584 3866 702 3949 quique
719 3867 824 3930 officia
837 3867 989 3931 deserunt
1004 3863 1137 3928 mollitia

114 3971 222 4036 animi.
267 3972 414 4037 Sobriam
448 3981 481 4038 ct
514 3977 630 4039 siccam
668 3978 866 4060 voluptatem
900 3979 1033 4064 Epicuri
1067 3995 1136 4039 esse
