2734 4554
606 297 647 360 29

106 507 314 589 voluptatem
330 526 408 570 esse.
419 501 467 585 133)
506 505 596 579 Quae
612 504 702 588 quasi
718 509 829 566 curtae
844 502 1023 566 sententiae
1040 507 1136 586 atque

107 619 282 682 inchoatae
296 615 362 680 ‘cur
386 616 541 696 dicantur,
565 614 735 679 ostendere
759 635 809 678 me
832 635 897 678 non
911 633 1006 698 posse
1023 612 1134 676 fateor.

107 729 229 812 Neque
252 727 348 811 hujus
363 727 424 791 loci
441 733 488 790 cst
504 726 728 810 explicationis
743 731 886 804 conatus,
903 745 977 816 pam
993 723 1136 808 Epicuri,

110 861 177 902 non
220 839 292 923 ejus
326 838 568 922 discipulorum⁴
592 841 749 906 rationem
783 855 919 918 expono.
977 834 1137 919 Epicurus

108 958 202 1016 certe
226 949 355 1033 quidem
372 950 450 1013 duas
465 967 593 1031 semper
607 968 659 1012 res
674 946 773 1011 verbo
789 946 961 1032 voluptatis
984 946 1136 1030 subjecit:

109 1063 269 1127 laetitiam
291 1060 325 1123 in
347 1060 452 1126 animo
469 1066 501 1124 ct
516 1059 762 1123 commotionem
783 1079 913 1122 suavem
927 1057 1138 1141 jucunditatis

109 1175 315 1256 incorpore,
340 1191 532 1255 quamquam
555 1176 727 1253 utrumque
755 1170 800 1233 ita
823 1169 1006 1252 copulatum
1037 1176 1137 1253 putat,

113 1289 152 1347 ut
175 1283 286 1346 divelli
309 1282 505 1364 distrahique
528 1302 592 1345 non
615 1281 722 1364 possit.

200 1394 343 1477 Majores
359 1413 456 1477 quam
471 1393 613 1477 corporis
636 1398 709 1457 sunt
725 1392 822 1455 animi
836 1391 1018 1475 voluptates
1040 1400 1137 1478 atque

111 1506 254 1568 minores
277 1505 418 1588 corporis
453 1525 549 1588 quam
582 1504 679 1569 animi
709 1503 844 1566 dolores.
890 1502 973 1566 Nam
1004 1525 1137 1589 corpore

112 1617 158 1679 nil
182 1616 243 1680 nisi
265 1617 449 1700 praesentia
471 1617 634 1693 sentimus,
657 1615 762 1678 animo
778 1622 887 1678 autem
910 1620 942 1679 et
965 1616 1138 1698 praeterita

114 1734 148 1790 et
171 1728 354 1810 praesentia
377 1733 409 1790 et
425 1726 540 1791 lutura.
574 1728 620 1792 Ut
634 1726 672 1790 iis
689 1726 790 1807 bonis,
814 1745 896 1810 quae
913 1731 1138 1808 exspectamus

110 1837 279 1920 erigimur,
304 1839 348 1901 sic
364 1838 522 1902 laetamur
537 1839 585 1912 iis,
609 1859 692 1920 quae
715 1834 985 1913 recordamur.¹³⁴)

201 1948 348 2013 Virtutes
364 1949 503 2033 denique
520 1948 723 2033 expetendae
735 1931 828 2028 sunt,
853 1948 927 2032 quia
942 1949 1140 2032 voluptatem

116 2059 269 2124 afferunt.
314 2062 450 2124 Beatam
473 2060 579 2124 reddit
601 2061 700 2124 vitam
722 2060 879 2142 voluptas,
908 2081 990 2143 quae
1015 2081 1057 2124 ex
1079 2062 1140 2124 vir-

114 2177 186 2234 tute
211 2177 267 2252 est,
290 2191 355 2234 non
376 2172 446 2255 ipsa
461 2170 570 2236 virtus.
610 2170 673 2235 Sed
689 2171 803 2235 beatus
819 2171 887 2235 sine
902 2171 1021 2236 virtute
1045 2193 1139 2236 nemo

115 2303 189 2346 esse
216 2288 330 2366 potest.
376 2282 429 2345 Ex
456 2282 614 2366 capitibus
643 2283 807 2346 doctrinae
835 2282 897 2346 illis
924 2303 1024 2348 unum
1052 2283 1141 2348 iden·

118 2393 220 2457 tidem
243 2396 416 2477 repetitum
440 2402 488 2458 est
511 2395 588 2458 hoc:
619 2416 684 2458 non
703 2393 847 2476 jucunde
863 2393 928 2458 vivi
942 2400 1057 2477 potest,
1081 2396 1141 2459 nisi
1235 2433 1238 2437 ·

116 2507 291 2591 sapienter,
316 2507 459 2582 honeste,
479 2506 566 2588 juste
580 2506 709 2586 vivitur,
732 2525 792 2567 nec
808 2505 980 2587 sapienter,
997 2507 1140 2588 honeste,

114 2615 215 2699 juste,
252 2616 311 2679 nisi
340 2617 494 2700 jucunde.
545 2616 619 2680 Non
640 2616 739 2698 igitur
765 2637 822 2679 suo
856 2617 994 2697 nomine,
1027 2616 1060 2679 id
1094 2623 1143 2681 est

119 2733 252 2810 propter
274 2729 361 2792 illam
385 2729 541 2803 umbram,
570 2726 655 2810 quod
679 2727 844 2810 appellant
866 2728 1044 2802 honestum,
1075 2729 1142 2792 lau-

117 2837 215 2903 datur
237 2839 346 2902 virtus.
392 2840 572 2903 Honestum
596 2837 673 2921 quid
701 2839 750 2917 sit,
779 2838 805 2900 si
828 2839 859 2900 id
884 2839 1009 2902 nonsit
1032 2841 1063 2902 in
1086 2861 1142 2904 vo-

120 2950 255 3032 luptate,
278 2956 376 3031 negat
399 2949 557 3033 Epicurus
581 2970 615 3014 se
638 2949 831 3032 intelligere,
861 2949 923 3012 nisi
945 2950 1028 3013 forte
1051 2950 1141 3031 illud,

119 3059 206 3144 quod
218 3060 429 3124 multitudinis
442 3081 569 3125 rumore
582 3059 777 3125 laudetur—
786 3059 1143 3145 etenimetiamagloria

118 3171 363 3255 proficiscuntur
392 3171 581 3254 voluptates.
615 3207 651 3216 -
676 3171 721 3234 Ut
750 3170 948 3234 medicorum
977 3173 1142 3237 scientiam

119 3303 184 3346 non
207 3282 306 3367 ipsius
322 3283 408 3362 artis,
432 3282 489 3345 sed
505 3283 608 3348 bonae
631 3283 823 3346 valetudinis
839 3304 936 3346 eausa
957 3283 1140 3366 probamus,

116 3393 164 3456 sic
187 3393 321 3456 virtutes
344 3392 515 3456 laudantur
538 3401 571 3457 et
592 3394 832 3476 conquiruntur,
856 3392 941 3476 quod
965 3394 1141 3458 'efficientes

118 3511 194 3568 sunt
217 3504 400 3586 voluptatis.
410 3501 459 3580 135)

207 3613 373 3697 Sapientia
395 3615 534 3699 quidem,
558 3635 770 3698 permagnum
794 3614 922 3688 bonum,
947 3636 964 3678 e
990 3636 1052 3698 quo
1077 3637 1142 3680 om-

117 3747 178 3790 nes
201 3726 344 3810 reliquae
367 3726 501 3791 virtutes
524 3726 710 3808 gignuntur,
738 3728 912 3810 voluptatis
935 3748 1030 3791 causa
1053 3733 1144 3811 opta-

116 3844 182 3902 tur.
217 3837 364 3921 Namque
378 3838 405 3900 si
421 3838 519 3900 vitam
534 3858 660 3901 omnem
677 3837 1017 3920 perturbarisvidemus
1033 3857 1147 3902 errore

115 3955 153 4013 et
176 3948 309 4029 inscitia,
332 3948 586 4032 sapientiamque
615 3969 683 4012 esse
706 3948 817 4030 solam,
847 3969 929 4032 quae
952 3970 1008 4013 nos
1031 3971 1050 4013 a
1072 3947 1152 4010 libi·
1204 3908 1253 3980 ι

1176 3973 1316 4186 Ἢ
